<?xml version="1.0" encoding="UTF-8"?>
<!DOCTYPE html PUBLIC "-//W3C//DTD XHTML 1.0 Transitional//EN"
    "http://www.w3.org/TR/xhtml1/DTD/xhtml1-transitional.dtd">
<html xmlns="http://www.w3.org/1999/xhtml" xml:lang="en" lang="en">
 <head>
  <title>
</title>
<meta http-equiv="Content-Type" content="text/html;charset=utf-8" />
  <meta name='ocr-system' content='tesseract 3.04.00' />
  <meta name='ocr-capabilities' content='ocr_page ocr_carea ocr_par ocr_line ocrx_word'/>
</head>
<body>
  <div class='ocr_page' id='page_1' title='image "./prolegomenainci00kreugoog_0057.png"; bbox 0 0 3392 5292; ppageno 0'>
   <div class='ocr_carea' id='block_1_1' title="bbox 1541 616 1629 679">
    <p class='ocr_par' dir='ltr' id='par_1_1' title="bbox 1541 616 1629 679">
     <span class='ocr_line' id='line_1_1' title="bbox 1541 616 1629 679; baseline 0 0"><span class='ocrx_word' id='word_1_1' title='bbox 1541 616 1629 679; x_wconf 76' lang='lat'>45</span> 
     </span>
    </p>
   </div>
   <div class='ocr_carea' id='block_1_2' title="bbox 514 830 2689 4111">
    <p class='ocr_par' dir='ltr' id='par_1_2' title="bbox 514 830 2683 3734">
     <span class='ocr_line' id='line_1_2' title="bbox 607 830 2660 915; baseline 0 -19"><span class='ocrx_word' id='word_1_2' title='bbox 607 831 1028 915; x_wconf 85' lang='lat' dir='ltr'><strong>Quamquam</strong></span> <span class='ocrx_word' id='word_1_3' title='bbox 1098 851 1232 896; x_wconf 89' lang='lat' dir='ltr'>non</span> <span class='ocrx_word' id='word_1_4' title='bbox 1305 832 1497 914; x_wconf 88' lang='lat' dir='ltr'>plane</span> <span class='ocrx_word' id='word_1_5' title='bbox 1571 831 1657 895; x_wconf 93' lang='lat' dir='ltr'>ad</span> <span class='ocrx_word' id='word_1_6' title='bbox 1717 830 2149 896; x_wconf 87' lang='lat' dir='ltr'>imitationem</span> <span class='ocrx_word' id='word_1_7' title='bbox 2216 831 2660 897; x_wconf 87' lang='lat' dir='ltr'>Catullianam</span> 
     </span>
     <span class='ocr_line' id='line_1_3' title="bbox 514 948 2659 1032; baseline 0.001 -19"><span class='ocrx_word' id='word_1_8' title='bbox 514 950 941 1032; x_wconf 77' lang='lat' dir='ltr'>pertinentia,</span> <span class='ocrx_word' id='word_1_9' title='bbox 994 951 1217 1015; x_wconf 91' lang='lat' dir='ltr'>tamen</span> <span class='ocrx_word' id='word_1_10' title='bbox 1267 950 1391 1014; x_wconf 89' lang='lat' dir='ltr'>hoc</span> <span class='ocrx_word' id='word_1_11' title='bbox 1430 949 1573 1013; x_wconf 92' lang='lat' dir='ltr'>loco</span> <span class='ocrx_word' id='word_1_12' title='bbox 1607 948 1769 1011; x_wconf 90' lang='lat' dir='ltr'>mihi</span> <span class='ocrx_word' id='word_1_13' title='bbox 1800 949 2105 1013; x_wconf 84' lang='lat' dir='ltr'>addenda</span> <span class='ocrx_word' id='word_1_14' title='bbox 2140 950 2446 1015; x_wconf 87' lang='lat' dir='ltr'>videntur</span> <span class='ocrx_word' id='word_1_15' title='bbox 2476 950 2659 1015; x_wconf 90' lang='lat' dir='ltr'>haec.</span> 
     </span>
     <span class='ocr_line' id='line_1_4' title="bbox 514 1067 2667 1151; baseline 0 -20"><span class='ocrx_word' id='word_1_16' title='bbox 514 1068 588 1131; x_wconf 89' lang='lat' dir='ltr'>In</span> <span class='ocrx_word' id='word_1_17' title='bbox 661 1068 969 1149; x_wconf 82' lang='lat' dir='ltr'>eligendis</span> <span class='ocrx_word' id='word_1_18' title='bbox 1035 1068 1370 1132; x_wconf 87' lang='lat' dir='ltr'>vocabulis</span> <span class='ocrx_word' id='word_1_19' title='bbox 1419 1067 1535 1145; x_wconf 85' lang='lat' dir='ltr'>iis,</span> <span class='ocrx_word' id='word_1_20' title='bbox 1585 1084 1758 1148; x_wconf 89' lang='lat' dir='ltr'>quae</span> <span class='ocrx_word' id='word_1_21' title='bbox 1806 1068 2173 1150; x_wconf 88' lang='lat' dir='ltr'>spondeum</span> <span class='ocrx_word' id='word_1_22' title='bbox 2221 1069 2434 1151; x_wconf 89' lang='lat' dir='ltr'>quinti</span> <span class='ocrx_word' id='word_1_23' title='bbox 2483 1069 2667 1151; x_wconf 91' lang='lat' dir='ltr'>pedis</span> 
     </span>
     <span class='ocr_line' id='line_1_5' title="bbox 517 1184 2665 1269; baseline 0.001 -20"><span class='ocrx_word' id='word_1_24' title='bbox 517 1187 942 1264; x_wconf 88' lang='lat' dir='ltr'>antecedunt,</span> <span class='ocrx_word' id='word_1_25' title='bbox 1021 1187 1214 1269; x_wconf 77' lang='lat' dir='ltr'>„post</span> <span class='ocrx_word' id='word_1_26' title='bbox 1263 1184 1599 1250; x_wconf 88' lang='lat' dir='ltr'>Catullum</span> <span class='ocrx_word' id='word_1_27' title='bbox 1648 1184 1703 1247; x_wconf 91' lang='lat' dir='ltr'>is</span> <span class='ocrx_word' id='word_1_28' title='bbox 1753 1204 1914 1249; x_wconf 90' lang='lat' dir='ltr'>usus</span> <span class='ocrx_word' id='word_1_29' title='bbox 1954 1186 2273 1268; x_wconf 89' lang='lat' dir='ltr'>invaluit,</span> <span class='ocrx_word' id='word_1_30' title='bbox 2328 1207 2411 1251; x_wconf 93' lang='lat' dir='ltr'>ne</span> <span class='ocrx_word' id='word_1_31' title='bbox 2463 1190 2665 1253; x_wconf 88' lang='lat' dir='ltr'>tetra-</span> 
     </span>
     <span class='ocr_line' id='line_1_6' title="bbox 518 1302 2667 1388; baseline 0.001 -21"><span class='ocrx_word' id='word_1_32' title='bbox 518 1304 843 1386; x_wconf 85' lang='lat' dir='ltr'>syllabum</span> <span class='ocrx_word' id='word_1_33' title='bbox 908 1305 1372 1388; x_wconf 63' lang='lat' dir='ltr'>praecederent</span> <span class='ocrx_word' id='word_1_34' title='bbox 1422 1302 1777 1379; x_wconf 90' lang='lat' dir='ltr'>vocabula,</span> <span class='ocrx_word' id='word_1_35' title='bbox 1831 1305 1952 1368; x_wconf 92' lang='lat' dir='ltr'>nisi</span> <span class='ocrx_word' id='word_1_36' title='bbox 2001 1324 2172 1387; x_wconf 89' lang='lat' dir='ltr'>quae</span> <span class='ocrx_word' id='word_1_37' title='bbox 2220 1307 2667 1388; x_wconf 87' lang='lat' dir='ltr'><strong>pyrrhichium</strong></span> 
     </span>
     <span class='ocr_line' id='line_1_7' title="bbox 517 1422 2669 1507; baseline 0.001 -20"><span class='ocrx_word' id='word_1_38' title='bbox 517 1424 632 1487; x_wconf 88' lang='lat' dir='ltr'>aut</span> <span class='ocrx_word' id='word_1_39' title='bbox 706 1423 1038 1505; x_wconf 79' lang='lat' dir='ltr'>dactylum</span> <span class='ocrx_word' id='word_1_40' title='bbox 1110 1424 1228 1487; x_wconf 93' lang='lat' dir='ltr'>aut</span> <span class='ocrx_word' id='word_1_41' title='bbox 1300 1422 1586 1486; x_wconf 91' lang='lat' dir='ltr'>ionicum</span> <span class='ocrx_word' id='word_1_42' title='bbox 1637 1440 1678 1484; x_wconf 87' lang='lat' dir='ltr'>a</span> <span class='ocrx_word' id='word_1_43' title='bbox 1729 1424 1977 1506; x_wconf 90' lang='lat' dir='ltr'>majore</span> <span class='ocrx_word' id='word_1_44' title='bbox 2024 1426 2141 1489; x_wconf 88' lang='lat' dir='ltr'>aut</span> <span class='ocrx_word' id='word_1_45' title='bbox 2188 1425 2423 1506; x_wconf 90' lang='lat' dir='ltr'>pedem</span> <span class='ocrx_word' id='word_1_46' title='bbox 2470 1424 2669 1507; x_wconf 89' lang='lat' dir='ltr'>hujus</span> 
     </span>
     <span class='ocr_line' id='line_1_8' title="bbox 517 1535 2670 1626; baseline 0.002 -22"><span class='ocrx_word' id='word_1_47' title='bbox 517 1560 868 1606; x_wconf 84' lang='lat' dir='ltr'>mensurae</span> <span class='ocrx_word' id='word_1_48' title='bbox 907 1535 1245 1609; x_wconf 53' lang='grc' dir='ltr'>υυ-υψ</span> <span class='ocrx_word' id='word_1_49' title='bbox 1277 1541 1644 1622; x_wconf 86' lang='lat' dir='ltr'>efficerent,</span> <span class='ocrx_word' id='word_1_50' title='bbox 1672 1541 2083 1624; x_wconf 85' lang='lat' dir='ltr'>trisyllabum</span> <span class='ocrx_word' id='word_1_51' title='bbox 2109 1542 2233 1607; x_wconf 90' lang='lat' dir='ltr'>nisi</span> <span class='ocrx_word' id='word_1_52' title='bbox 2256 1562 2425 1626; x_wconf 86' lang='lat' dir='ltr'>quae</span> <span class='ocrx_word' id='word_1_53' title='bbox 2452 1547 2670 1609; x_wconf 90' lang='lat' dir='ltr'>essent</span> 
     </span>
     <span class='ocr_line' id='line_1_9' title="bbox 521 1636 2668 1728; baseline 0.003 -6"><span class='ocrx_word' id='word_1_54' title='bbox 521 1659 963 1725; x_wconf 90' lang='lat' dir='ltr'>choriambica</span> <span class='ocrx_word' id='word_1_55' title='bbox 1026 1661 1144 1725; x_wconf 91' lang='lat' dir='ltr'>aut</span> <span class='ocrx_word' id='word_1_56' title='bbox 1205 1660 1587 1726; x_wconf 86' lang='lat' dir='ltr'>choriambo</span> <span class='ocrx_word' id='word_1_57' title='bbox 1637 1680 1772 1726; x_wconf 87' lang='lat' dir='ltr'>una</span> <span class='ocrx_word' id='word_1_58' title='bbox 1820 1661 1922 1725; x_wconf 86' lang='lat' dir='ltr'>vel</span> <span class='ocrx_word' id='word_1_59' title='bbox 1957 1636 2231 1726; x_wconf 33' lang='lat' dir='ltr'>‘duabus</span> <span class='ocrx_word' id='word_1_60' title='bbox 2275 1664 2475 1727; x_wconf 91' lang='lat' dir='ltr'>moris</span> <span class='ocrx_word' id='word_1_61' title='bbox 2524 1663 2668 1728; x_wconf 93' lang='lat' dir='ltr'>lon-</span> 
     </span>
     <span class='ocr_line' id='line_1_10' title="bbox 523 1769 2666 1866; baseline 0.002 -24"><span class='ocrx_word' id='word_1_62' title='bbox 523 1769 744 1859; x_wconf 85' lang='lat' dir='ltr'>giora”</span> <span class='ocrx_word' id='word_1_63' title='bbox 797 1777 902 1861; x_wconf 86' lang='lat' dir='ltr'>(cf.</span> <span class='ocrx_word' id='word_1_64' title='bbox 955 1778 1197 1844; x_wconf 89' lang='lat' dir='ltr'>Viertel</span> <span class='ocrx_word' id='word_1_65' title='bbox 1244 1799 1306 1862; x_wconf 90' lang='lat' dir='ltr'>p.</span> <span class='ocrx_word' id='word_1_66' title='bbox 1363 1775 1559 1866; x_wconf 88' lang='lat'>810.)</span> <span class='ocrx_word' id='word_1_67' title='bbox 1624 1780 1873 1844; x_wconf 80' lang='lat' dir='ltr'>Ultimo</span> <span class='ocrx_word' id='word_1_68' title='bbox 1907 1781 2214 1861; x_wconf 86' lang='lat' dir='ltr'>excepto,</span> <span class='ocrx_word' id='word_1_69' title='bbox 2250 1780 2489 1846; x_wconf 88' lang='lat' dir='ltr'>horum</span> <span class='ocrx_word' id='word_1_70' title='bbox 2525 1802 2666 1846; x_wconf 92' lang='lat' dir='ltr'>om-</span> 
     </span>
     <span class='ocr_line' id='line_1_11' title="bbox 524 1895 2663 1983; baseline 0.003 -24"><span class='ocrx_word' id='word_1_71' title='bbox 524 1896 710 1960; x_wconf 91' lang='lat' dir='ltr'>nium</span> <span class='ocrx_word' id='word_1_72' title='bbox 755 1896 823 1960; x_wconf 91' lang='lat' dir='ltr'>in</span> <span class='ocrx_word' id='word_1_73' title='bbox 874 1895 1006 1961; x_wconf 90' lang='lat' dir='ltr'>Ciri</span> <span class='ocrx_word' id='word_1_74' title='bbox 1055 1898 1356 1980; x_wconf 87' lang='lat' dir='ltr'>exempla</span> <span class='ocrx_word' id='word_1_75' title='bbox 1405 1898 1683 1965; x_wconf 82' lang='lat' dir='ltr'>exstant.</span> <span class='ocrx_word' id='word_1_76' title='bbox 1776 1897 1951 1963; x_wconf 90' lang='lat' dir='ltr'>Ante</span> <span class='ocrx_word' id='word_1_77' title='bbox 1998 1898 2497 1980; x_wconf 85' lang='lat' dir='ltr'>tetrasyllabum</span> <span class='ocrx_word' id='word_1_78' title='bbox 2543 1920 2663 1983; x_wconf 93' lang='lat' dir='ltr'>po-</span> 
     </span>
     <span class='ocr_line' id='line_1_12' title="bbox 527 2014 2669 2100; baseline 0.002 -22"><span class='ocrx_word' id='word_1_79' title='bbox 527 2014 651 2079; x_wconf 87' lang='lat' dir='ltr'>sita</span> <span class='ocrx_word' id='word_1_80' title='bbox 699 2014 795 2080; x_wconf 89' lang='lat' dir='ltr'>est</span> <span class='ocrx_word' id='word_1_81' title='bbox 840 2034 968 2080; x_wconf 84' lang='lat' dir='ltr'>vox</span> <span class='ocrx_word' id='word_1_82' title='bbox 1013 2016 1467 2099; x_wconf 87' lang='lat' dir='ltr'>pyrrhichiaca</span> <span class='ocrx_word' id='word_1_83' title='bbox 1513 2016 1767 2100; x_wconf 88' lang='lat' dir='ltr'>quater,</span> <span class='ocrx_word' id='word_1_84' title='bbox 1818 2036 1910 2081; x_wconf 87' lang='grc' dir='ltr'>νε.</span> <span class='ocrx_word' id='word_1_85' title='bbox 1949 2016 2082 2080; x_wconf 71' lang='lat'>239</span> <span class='ocrx_word' id='word_1_86' title='bbox 2116 2016 2292 2082; x_wconf 74' lang='lat' dir='ltr'>sinat</span> <span class='ocrx_word' id='word_1_87' title='bbox 2329 2018 2669 2096; x_wconf 79' lang='lat' dir='ltr'>Adrastea,</span> 
     </span>
     <span class='ocr_line' id='line_1_13' title="bbox 532 2133 2667 2217; baseline 0.001 -20"><span class='ocrx_word' id='word_1_88' title='bbox 532 2133 662 2197; x_wconf 86' lang='lat'>398</span> <span class='ocrx_word' id='word_1_89' title='bbox 709 2133 896 2200; x_wconf 83' lang='lat' dir='ltr'>Jovis</span> <span class='ocrx_word' id='word_1_90' title='bbox 940 2134 1392 2201; x_wconf 74' lang='lat' dir='ltr'>incrementum</span> <span class='ocrx_word' id='word_1_91' title='bbox 1415 2186 1432 2215; x_wconf 93' lang='lat'>,</span> <span class='ocrx_word' id='word_1_92' title='bbox 1485 2155 1558 2199; x_wconf 84' lang='lat' dir='ltr'>vs</span> <span class='ocrx_word' id='word_1_93' title='bbox 1605 2134 1743 2199; x_wconf 75' lang='lat'>486</span> <span class='ocrx_word' id='word_1_94' title='bbox 1789 2154 1979 2216; x_wconf 81' lang='lat' dir='ltr'>pecus</span> <span class='ocrx_word' id='word_1_95' title='bbox 2026 2134 2447 2217; x_wconf 80' lang='lat' dir='ltr'>Amphitrites</span> <span class='ocrx_word' id='word_1_96' title='bbox 2465 2186 2480 2217; x_wconf 89' lang='lat'>,</span> <span class='ocrx_word' id='word_1_97' title='bbox 2534 2138 2667 2201; x_wconf 88' lang='lat'>535</span> 
     </span>
     <span class='ocr_line' id='line_1_14' title="bbox 527 2248 2671 2337; baseline 0.002 -22"><span class='ocrx_word' id='word_1_98' title='bbox 527 2248 714 2335; x_wconf 74' lang='lat' dir='ltr'>fuyat</span> <span class='ocrx_word' id='word_1_99' title='bbox 764 2250 1045 2332; x_wconf 68' lang='lat' dir='ltr'>Oriona,-</span> <span class='ocrx_word' id='word_1_100' title='bbox 1095 2271 1219 2317; x_wconf 87' lang='lat' dir='ltr'>vox</span> <span class='ocrx_word' id='word_1_101' title='bbox 1266 2254 1585 2337; x_wconf 85' lang='lat' dir='ltr'>dactylica</span> <span class='ocrx_word' id='word_1_102' title='bbox 1622 2255 1756 2318; x_wconf 87' lang='lat' dir='ltr'>ter:</span> <span class='ocrx_word' id='word_1_103' title='bbox 1785 2273 1859 2317; x_wconf 92' lang='grc' dir='ltr'>νε</span> <span class='ocrx_word' id='word_1_104' title='bbox 1892 2254 2022 2318; x_wconf 88' lang='lat'>113</span> <span class='ocrx_word' id='word_1_105' title='bbox 2046 2252 2317 2334; x_wconf 77' lang='lat' dir='ltr'>flumina</span> <span class='ocrx_word' id='word_1_106' title='bbox 2346 2253 2671 2331; x_wconf 80' lang='lat' dir='ltr'>Caeratea,</span> 
     </span>
     <span class='ocr_line' id='line_1_15' title="bbox 531 2369 2675 2455; baseline 0.003 -22"><span class='ocrx_word' id='word_1_107' title='bbox 531 2389 603 2433; x_wconf 87' lang='lat' dir='ltr'>vs</span> <span class='ocrx_word' id='word_1_108' title='bbox 639 2370 770 2434; x_wconf 70' lang='lat'>326</span> <span class='ocrx_word' id='word_1_109' title='bbox 822 2369 1069 2435; x_wconf 73' lang='lat' dir='ltr'>himina</span> <span class='ocrx_word' id='word_1_110' title='bbox 1115 2374 1175 2435; x_wconf 89' lang='lat' dir='ltr'>et</span> <span class='ocrx_word' id='word_1_111' title='bbox 1217 2370 1523 2455; x_wconf 76' lang='lat' dir='ltr'>Ilithyiae</span> <span class='ocrx_word' id='word_1_112' title='bbox 1540 2420 1557 2452; x_wconf 91' lang='lat'>‚</span> <span class='ocrx_word' id='word_1_113' title='bbox 1607 2391 1682 2435; x_wconf 91' lang='grc' dir='ltr'>νε</span> <span class='ocrx_word' id='word_1_114' title='bbox 1731 2371 1867 2435; x_wconf 83' lang='grc'>495</span> <span class='ocrx_word' id='word_1_115' title='bbox 1910 2372 2189 2455; x_wconf 78' lang='lat' dir='ltr'>undique</span> <span class='ocrx_word' id='word_1_116' title='bbox 2217 2373 2675 2455; x_wconf 77' lang='lat' dir='ltr'>mutabantur;</span> 
     </span>
     <span class='ocr_line' id='line_1_16' title="bbox 532 2488 2677 2575; baseline 0.004 -24"><span class='ocrx_word' id='word_1_117' title='bbox 532 2507 660 2554; x_wconf 87' lang='lat' dir='ltr'>vox</span> <span class='ocrx_word' id='word_1_118' title='bbox 705 2488 920 2552; x_wconf 90' lang='lat' dir='ltr'>ionico</span> <span class='ocrx_word' id='word_1_119' title='bbox 967 2509 1008 2554; x_wconf 92' lang='lat' dir='ltr'>a</span> <span class='ocrx_word' id='word_1_120' title='bbox 1054 2489 1304 2571; x_wconf 89' lang='lat' dir='ltr'>majore</span> <span class='ocrx_word' id='word_1_121' title='bbox 1356 2497 1664 2554; x_wconf 82' lang='lat' dir='ltr'>constans</span> <span class='ocrx_word' id='word_1_122' title='bbox 1713 2490 1943 2567; x_wconf 85' lang='lat' dir='ltr'>semel,</span> <span class='ocrx_word' id='word_1_123' title='bbox 2002 2508 2069 2553; x_wconf 86' lang='lat' dir='ltr'>vs</span> <span class='ocrx_word' id='word_1_124' title='bbox 2102 2489 2241 2556; x_wconf 82' lang='lat'>413</span> <span class='ocrx_word' id='word_1_125' title='bbox 2276 2492 2677 2575; x_wconf 74' lang='lat' dir='ltr'>amplectitur</span> 
     </span>
     <span class='ocr_line' id='line_1_17' title="bbox 533 2606 2671 2691; baseline 0.004 -20"><span class='ocrx_word' id='word_1_126' title='bbox 533 2606 1025 2689; x_wconf 75' lang='lat' dir='ltr'>Hellespontus;</span> <span class='ocrx_word' id='word_1_127' title='bbox 1097 2626 1254 2686; x_wconf 84' lang='lat' dir='ltr'>vox,</span> <span class='ocrx_word' id='word_1_128' title='bbox 1321 2628 1494 2690; x_wconf 88' lang='lat' dir='ltr'>quae</span> <span class='ocrx_word' id='word_1_129' title='bbox 1556 2609 1793 2691; x_wconf 90' lang='lat' dir='ltr'>pedem</span> <span class='ocrx_word' id='word_1_130' title='bbox 1856 2606 2053 2673; x_wconf 81' lang='lat' dir='ltr'>efficit</span> <span class='ocrx_word' id='word_1_131' title='bbox 2101 2610 2278 2674; x_wconf 92' lang='lat' dir='ltr'>hunc</span> <span class='ocrx_word' id='word_1_132' title='bbox 2333 2645 2671 2679; x_wconf 62' lang='grc' dir='ltr'><strong>υυυυυ</strong></span> 
     </span>
     <span class='ocr_line' id='line_1_18' title="bbox 534 2724 2678 2810; baseline 0.002 -22"><span class='ocrx_word' id='word_1_133' title='bbox 534 2724 766 2803; x_wconf 84' lang='lat' dir='ltr'>semel,</span> <span class='ocrx_word' id='word_1_134' title='bbox 818 2744 890 2787; x_wconf 84' lang='lat' dir='ltr'>vs</span> <span class='ocrx_word' id='word_1_135' title='bbox 941 2726 1027 2789; x_wconf 86' lang='lat'>73</span> <span class='ocrx_word' id='word_1_136' title='bbox 1076 2725 1418 2791; x_wconf 77' lang='lat' dir='ltr'>violaverat</span> <span class='ocrx_word' id='word_1_137' title='bbox 1459 2727 1912 2809; x_wconf 83' lang='lat' dir='ltr'>Amphitritae.</span> <span class='ocrx_word' id='word_1_138' title='bbox 1964 2728 2329 2810; x_wconf 88' lang='lat' dir='ltr'>Trisyllabo</span> <span class='ocrx_word' id='word_1_139' title='bbox 2364 2749 2515 2794; x_wconf 86' lang='lat' dir='ltr'>vero</span> <span class='ocrx_word' id='word_1_140' title='bbox 2552 2748 2678 2793; x_wconf 88' lang='lat' dir='ltr'>vox</span> 
     </span>
     <span class='ocr_line' id='line_1_19' title="bbox 531 2838 2679 2927; baseline 0.004 -22"><span class='ocrx_word' id='word_1_141' title='bbox 531 2838 972 2907; x_wconf 88' lang='lat' dir='ltr'>choriambica</span> <span class='ocrx_word' id='word_1_142' title='bbox 1018 2845 1393 2925; x_wconf 88' lang='lat' dir='ltr'>praeposita</span> <span class='ocrx_word' id='word_1_143' title='bbox 1442 2844 1540 2909; x_wconf 84' lang='lat' dir='ltr'>est</span> <span class='ocrx_word' id='word_1_144' title='bbox 1587 2844 1721 2909; x_wconf 89' lang='lat' dir='ltr'>bis:</span> <span class='ocrx_word' id='word_1_145' title='bbox 1776 2864 1847 2909; x_wconf 84' lang='lat' dir='ltr'>vs</span> <span class='ocrx_word' id='word_1_146' title='bbox 1897 2846 1983 2909; x_wconf 74' lang='lat'>892</span> <span class='ocrx_word' id='word_1_147' title='bbox 2028 2846 2360 2927; x_wconf 77' lang='lat' dir='ltr'>pertimuit</span> <span class='ocrx_word' id='word_1_148' title='bbox 2403 2846 2679 2914; x_wconf 83' lang='lat' dir='ltr'>latratus</span> 
     </span>
     <span class='ocr_line' id='line_1_20' title="bbox 537 2959 2679 3048; baseline 0.005 -26"><span class='ocrx_word' id='word_1_149' title='bbox 537 2960 602 3022; x_wconf 90' lang='lat' dir='ltr'>et</span> <span class='ocrx_word' id='word_1_150' title='bbox 666 2978 739 3023; x_wconf 89' lang='grc' dir='ltr'><strong>νε</strong></span> <span class='ocrx_word' id='word_1_151' title='bbox 804 2960 938 3023; x_wconf 87' lang='grc'>519</span> <span class='ocrx_word' id='word_1_152' title='bbox 1002 2959 1290 3025; x_wconf 82' lang='lat' dir='ltr'>litoribus</span> <span class='ocrx_word' id='word_1_153' title='bbox 1335 2962 1616 3028; x_wconf 78' lang='lat' dir='ltr'>desertis,</span> <span class='ocrx_word' id='word_1_154' title='bbox 1715 2963 1937 3027; x_wconf 90' lang='lat' dir='ltr'>Pauca</span> <span class='ocrx_word' id='word_1_155' title='bbox 2009 2966 2195 3044; x_wconf 89' lang='lat' dir='ltr'>sunt,</span> <span class='ocrx_word' id='word_1_156' title='bbox 2245 2985 2417 3048; x_wconf 89' lang='lat' dir='ltr'>quae</span> <span class='ocrx_word' id='word_1_157' title='bbox 2466 2967 2551 3031; x_wconf 91' lang='lat' dir='ltr'>ab</span> <span class='ocrx_word' id='word_1_158' title='bbox 2603 2988 2679 3034; x_wconf 92' lang='lat' dir='ltr'>eo</span> 
     </span>
     <span class='ocr_line' id='line_1_21' title="bbox 537 3057 2682 3165; baseline 0.005 -25"><span class='ocrx_word' id='word_1_159' title='bbox 537 3095 661 3141; x_wconf 90' lang='lat' dir='ltr'>usu</span> <span class='ocrx_word' id='word_1_160' title='bbox 727 3078 1052 3142; x_wconf 86' lang='lat' dir='ltr'>recedant.</span> <span class='ocrx_word' id='word_1_161' title='bbox 1113 3057 1118 3061; x_wconf 72' lang='lat'>.</span> <span class='ocrx_word' id='word_1_162' title='bbox 1154 3078 1258 3143; x_wconf 91' lang='lat' dir='ltr'>Ad</span> <span class='ocrx_word' id='word_1_163' title='bbox 1308 3078 1550 3145; x_wconf 87' lang='lat' dir='ltr'>Catulli</span> <span class='ocrx_word' id='word_1_164' title='bbox 1599 3082 1935 3165; x_wconf 89' lang='lat' dir='ltr'>exemplar</span> <span class='ocrx_word' id='word_1_165' title='bbox 1980 3084 2211 3148; x_wconf 87' lang='lat' dir='ltr'>auctor</span> <span class='ocrx_word' id='word_1_166' title='bbox 2257 3086 2480 3149; x_wconf 90' lang='lat' dir='ltr'>noster</span> <span class='ocrx_word' id='word_1_167' title='bbox 2528 3087 2682 3152; x_wconf 92' lang='lat' dir='ltr'>ante</span> 
     </span>
     <span class='ocr_line' id='line_1_22' title="bbox 536 3196 2682 3282; baseline 0.006 -23"><span class='ocrx_word' id='word_1_168' title='bbox 536 3196 1035 3278; x_wconf 85' lang='lat' dir='ltr'>tetrasyllabum</span> <span class='ocrx_word' id='word_1_169' title='bbox 1114 3198 1644 3280; x_wconf 86' lang='lat' dir='ltr'>monosyllabum</span> <span class='ocrx_word' id='word_1_170' title='bbox 1721 3200 1942 3282; x_wconf 85' lang='lat' dir='ltr'>posuit</span> <span class='ocrx_word' id='word_1_171' title='bbox 2011 3220 2085 3266; x_wconf 86' lang='lat' dir='ltr'>vs</span> <span class='ocrx_word' id='word_1_172' title='bbox 2164 3202 2291 3265; x_wconf 89' lang='lat'>158</span> <span class='ocrx_word' id='word_1_173' title='bbox 2360 3203 2447 3267; x_wconf 84' lang='lat' dir='ltr'>ad</span> <span class='ocrx_word' id='word_1_174' title='bbox 2487 3204 2682 3271; x_wconf 83' lang='lat' dir='ltr'>uleis-</span> 
     </span>
     <span class='ocr_line' id='line_1_23' title="bbox 537 3314 2680 3402; baseline 0.004 -24"><span class='ocrx_word' id='word_1_175' title='bbox 537 3314 821 3379; x_wconf 80' lang='lat' dir='ltr'>ceudum.</span> <span class='ocrx_word' id='word_1_176' title='bbox 871 3315 1282 3381; x_wconf 89' lang='lat' dir='ltr'>Vocabulum</span> <span class='ocrx_word' id='word_1_177' title='bbox 1315 3317 1739 3382; x_wconf 90' lang='lat' dir='ltr'>molossicum</span> <span class='ocrx_word' id='word_1_178' title='bbox 1775 3319 2109 3401; x_wconf 88' lang='lat' dir='ltr'>trisyllabo</span> <span class='ocrx_word' id='word_1_179' title='bbox 2132 3321 2467 3402; x_wconf 89' lang='lat' dir='ltr'>praemisit</span> <span class='ocrx_word' id='word_1_180' title='bbox 2492 3342 2680 3387; x_wconf 86' lang='lat' dir='ltr'>versu</span> 
     </span>
     <span class='ocr_line' id='line_1_24' title="bbox 537 3432 2683 3523; baseline 0.004 -26"><span class='ocrx_word' id='word_1_181' title='bbox 537 3432 906 3514; x_wconf 87' lang='lat' dir='ltr'>Vergiliano</span> <span class='ocrx_word' id='word_1_182' title='bbox 955 3433 1041 3497; x_wconf 82' lang='lat'>47</span> <span class='ocrx_word' id='word_1_183' title='bbox 1049 3433 1094 3498; x_wconf 83' lang='lat'>4</span> <span class='ocrx_word' id='word_1_184' title='bbox 1141 3436 1488 3501; x_wconf 79' lang='lat' dir='ltr'>Nereidum</span> <span class='ocrx_word' id='word_1_185' title='bbox 1534 3436 1731 3501; x_wconf 87' lang='lat' dir='ltr'>matri</span> <span class='ocrx_word' id='word_1_186' title='bbox 1777 3442 1835 3503; x_wconf 89' lang='lat' dir='ltr'>et</span> <span class='ocrx_word' id='word_1_187' title='bbox 1864 3438 2163 3519; x_wconf 78' lang='lat' dir='ltr'>Neptuno</span> <span class='ocrx_word' id='word_1_188' title='bbox 2194 3438 2481 3523; x_wconf 75' lang='lat' dir='ltr'>Aeyan,</span> <span class='ocrx_word' id='word_1_189' title='bbox 2519 3441 2683 3505; x_wconf 91' lang='lat' dir='ltr'>iam-</span> 
     </span>
     <span class='ocr_line' id='line_1_25' title="bbox 538 3550 2680 3637; baseline 0.003 -23"><span class='ocrx_word' id='word_1_190' title='bbox 538 3550 760 3615; x_wconf 91' lang='lat' dir='ltr'>bicum</span> <span class='ocrx_word' id='word_1_191' title='bbox 820 3570 894 3615; x_wconf 86' lang='grc' dir='ltr'>νε</span> <span class='ocrx_word' id='word_1_192' title='bbox 953 3553 1041 3617; x_wconf 88' lang='grc'>96</span> <span class='ocrx_word' id='word_1_193' title='bbox 1090 3553 1323 3619; x_wconf 79' lang='lat' dir='ltr'>rubeus</span> <span class='ocrx_word' id='word_1_194' title='bbox 1370 3554 1703 3620; x_wconf 78' lang='lat' dir='ltr'>narcissus</span> <span class='ocrx_word' id='word_1_195' title='bbox 1758 3556 1833 3620; x_wconf 89' lang='lat' dir='ltr'>ut</span> <span class='ocrx_word' id='word_1_196' title='bbox 1882 3556 2063 3637; x_wconf 86' lang='lat' dir='ltr'>Verg.</span> <span class='ocrx_word' id='word_1_197' title='bbox 2118 3556 2277 3621; x_wconf 90' lang='lat' dir='ltr'>Aen.</span> <span class='ocrx_word' id='word_1_198' title='bbox 2332 3558 2517 3623; x_wconf 90' lang='lat' dir='ltr'>VIII:</span> <span class='ocrx_word' id='word_1_199' title='bbox 2547 3558 2680 3623; x_wconf 74' lang='lat'>402</span> 
     </span>
     <span class='ocr_line' id='line_1_26' title="bbox 539 3667 877 3734; baseline 0.003 -3"><span class='ocrx_word' id='word_1_200' title='bbox 539 3667 607 3732; x_wconf 85' lang='lat' dir='ltr'>et</span> <span class='ocrx_word' id='word_1_201' title='bbox 651 3669 782 3734; x_wconf 83' lang='lat' dir='ltr'>IX:</span> <span class='ocrx_word' id='word_1_202' title='bbox 813 3670 877 3734; x_wconf 87' lang='grc'>9.</span> 
     </span>
    </p>

    <p class='ocr_par' dir='ltr' id='par_1_3' title="bbox 539 3786 2689 4111">
     <span class='ocr_line' id='line_1_27' title="bbox 634 3786 2681 3874; baseline 0.005 -23"><span class='ocrx_word' id='word_1_203' title='bbox 634 3786 764 3851; x_wconf 89' lang='lat' dir='ltr'>Sed</span> <span class='ocrx_word' id='word_1_204' title='bbox 828 3788 969 3872; x_wconf 88' lang='lat' dir='ltr'>jam</span> <span class='ocrx_word' id='word_1_205' title='bbox 1041 3790 1123 3853; x_wconf 89' lang='lat' dir='ltr'>ad</span> <span class='ocrx_word' id='word_1_206' title='bbox 1197 3790 1301 3869; x_wconf 91' lang='lat' dir='ltr'>id,</span> <span class='ocrx_word' id='word_1_207' title='bbox 1369 3792 1545 3856; x_wconf 91' lang='lat' dir='ltr'>unde</span> <span class='ocrx_word' id='word_1_208' title='bbox 1610 3791 1879 3874; x_wconf 84' lang='lat' dir='ltr'>digressi</span> <span class='ocrx_word' id='word_1_209' title='bbox 1940 3811 2206 3873; x_wconf 63' lang='lat' dir='ltr'>summ,</span> <span class='ocrx_word' id='word_1_210' title='bbox 2256 3795 2681 3863; x_wconf 86' lang='lat' dir='ltr'>revertamur.</span> 
     </span>
     <span class='ocr_line' id='line_1_28' title="bbox 539 3902 2685 3992; baseline 0.006 -23"><span class='ocrx_word' id='word_1_211' title='bbox 539 3903 686 3969; x_wconf 90' lang='lat' dir='ltr'>Non</span> <span class='ocrx_word' id='word_1_212' title='bbox 760 3924 800 3971; x_wconf 93' lang='lat' dir='ltr'>a</span> <span class='ocrx_word' id='word_1_213' title='bbox 869 3906 1149 3989; x_wconf 84' lang='lat' dir='ltr'>Vergilio</span> <span class='ocrx_word' id='word_1_214' title='bbox 1200 3907 1592 3992; x_wconf 81' lang='lat' dir='ltr'>Catulloque</span> <span class='ocrx_word' id='word_1_215' title='bbox 1641 3911 1857 3976; x_wconf 90' lang='lat' dir='ltr'>solum</span> <span class='ocrx_word' id='word_1_216' title='bbox 1904 3902 2129 3976; x_wconf 90' lang='lat' dir='ltr'>noster</span> <span class='ocrx_word' id='word_1_217' title='bbox 2174 3931 2297 3977; x_wconf 90' lang='lat' dir='ltr'>sua</span> <span class='ocrx_word' id='word_1_218' title='bbox 2342 3915 2685 3982; x_wconf 88' lang='lat' dir='ltr'>mutuatus</span> 
     </span>
     <span class='ocr_line' id='line_1_29' title="bbox 541 4025 2689 4111; baseline 0.005 -22"><span class='ocrx_word' id='word_1_219' title='bbox 541 4025 672 4104; x_wconf 88' lang='lat' dir='ltr'>est,</span> <span class='ocrx_word' id='word_1_220' title='bbox 722 4026 837 4089; x_wconf 85' lang='lat' dir='ltr'>sed</span> <span class='ocrx_word' id='word_1_221' title='bbox 885 4027 1164 4091; x_wconf 91' lang='lat' dir='ltr'>aliorum</span> <span class='ocrx_word' id='word_1_222' title='bbox 1212 4047 1476 4111; x_wconf 87' lang='lat' dir='ltr'>quoque</span> <span class='ocrx_word' id='word_1_223' title='bbox 1524 4030 1871 4111; x_wconf 87' lang='lat' dir='ltr'>poetarum</span> <span class='ocrx_word' id='word_1_224' title='bbox 1896 4030 2283 4096; x_wconf 90' lang='lat' dir='ltr'>Latinorum</span> <span class='ocrx_word' id='word_1_225' title='bbox 2307 4031 2689 4099; x_wconf 83' lang='lat' dir='ltr'>imitationis</span> 
     </span>
    </p>
   </div>
   <div class='ocr_carea' id='block_1_3' title="bbox 541 4145 2691 4350">
    <p class='ocr_par' dir='ltr' id='par_1_4' title="bbox 541 4145 2691 4350">
     <span class='ocr_line' id='line_1_30' title="bbox 541 4145 2691 4232; baseline 0.006 -26"><span class='ocrx_word' id='word_1_226' title='bbox 541 4160 693 4208; x_wconf 84' lang='lat' dir='ltr'>rara</span> <span class='ocrx_word' id='word_1_227' title='bbox 761 4145 1027 4227; x_wconf 89' lang='lat' dir='ltr'>quidem</span> <span class='ocrx_word' id='word_1_228' title='bbox 1096 4147 1211 4211; x_wconf 90' lang='lat' dir='ltr'>sed</span> <span class='ocrx_word' id='word_1_229' title='bbox 1281 4147 1628 4214; x_wconf 86' lang='lat' dir='ltr'>manifesta</span> <span class='ocrx_word' id='word_1_230' title='bbox 1698 4149 1921 4213; x_wconf 90' lang='lat' dir='ltr'>tamen</span> <span class='ocrx_word' id='word_1_231' title='bbox 1969 4150 2239 4232; x_wconf 85' lang='lat' dir='ltr'>vestigia</span> <span class='ocrx_word' id='word_1_232' title='bbox 2285 4150 2354 4215; x_wconf 89' lang='lat' dir='ltr'>in</span> <span class='ocrx_word' id='word_1_233' title='bbox 2404 4154 2691 4219; x_wconf 88' lang='lat' dir='ltr'>carmine</span> 
     </span>
     <span class='ocr_line' id='line_1_31' title="bbox 547 4261 2349 4350; baseline 0.006 -25"><span class='ocrx_word' id='word_1_234' title='bbox 547 4261 824 4327; x_wconf 87' lang='lat' dir='ltr'>exstant.</span> <span class='ocrx_word' id='word_1_235' title='bbox 922 4262 1169 4329; x_wconf 89' lang='lat' dir='ltr'>Eodem</span> <span class='ocrx_word' id='word_1_236' title='bbox 1222 4267 1442 4330; x_wconf 82' lang='lat' dir='ltr'>autem</span> <span class='ocrx_word' id='word_1_237' title='bbox 1487 4267 1636 4350; x_wconf 88' lang='lat' dir='ltr'>jure</span> <span class='ocrx_word' id='word_1_238' title='bbox 1663 4316 1679 4344; x_wconf 86' lang='lat'>‚</span> <span class='ocrx_word' id='word_1_239' title='bbox 1732 4286 1864 4350; x_wconf 89' lang='lat' dir='ltr'>quo</span> <span class='ocrx_word' id='word_1_240' title='bbox 1914 4266 2078 4333; x_wconf 83' lang='lat' dir='ltr'>Ciris</span> <span class='ocrx_word' id='word_1_241' title='bbox 2124 4288 2219 4332; x_wconf 89' lang='grc' dir='ltr'>νε.</span> <span class='ocrx_word' id='word_1_242' title='bbox 2273 4271 2349 4335; x_wconf 88' lang='lat'>7:</span> 
     </span>
    </p>
   </div>
  </div>
 </body>
</html>
