3392 5292
1268 1492 1939 1613 PRAEFATIQ

633 2036 1176 2118 Circumspicienti
1267 2036 1423 2099 mihi
1513 2039 1954 2117 arqumentum
2046 2032 2409 2114 quodpiam,
2480 2033 2644 2114 quod
2764 2086 2767 2089 ,

537 2165 890 2230 studiorum
955 2166 1262 2245 specimen
1310 2165 1526 2238 daret,
1578 2164 1801 2228 obtulit
1847 2157 1912 2227 se
1952 2183 2203 2244 poema,
2260 2163 2425 2245 quod
2472 2149 2653 2246 vulqo

551 2294 824 2375 Verqilio
875 2293 1177 2358 tribuitur
1223 2294 1443 2374 cuique
1491 2292 1717 2357 titulus
1758 2292 2131 2357 inscribitur
2181 2292 2374 2357 Ciris.
2470 2294 2655 2357 Inter

541 2422 825 2485 carmina
889 2423 1140 2485 minora
1159 2471 1173 2497 ,
1249 2441 1410 2503 quae
1478 2426 1709 2485 veteres
1777 2397 2169 2502 reliqu-erunt
2184 2470 2199 2499 ‚
2272 2442 2401 2485 non
2472 2422 2651 2485 credo

540 2549 808 2613 alterum
854 2569 984 2615 esse
1003 2599 1018 2628 ‚
1067 2550 1232 2631 quod
1277 2550 1642 2631 ampliorem
1687 2550 2063 2633 disputandi
2107 2554 2430 2617 materiem
2466 2574 2655 2635 prae-

542 2678 695 2741 beat.
793 2680 1248 2759 Praeterquam
1304 2680 1470 2743 enim
1516 2680 1681 2760 quod
1726 2681 2064 2759 nescimus,
2117 2682 2411 2761 quisnam
2458 2680 2652 2763 huJ'us

541 2808 842 2870 carminis
909 2812 1129 2872 auctor
1194 2808 1392 2888 fuerit
1409 2858 1424 2883 ‚
1473 2808 1531 2872 is
1575 2828 1706 2872 non
1745 2808 1947 2872 solum
2005 2808 2347 2893 Verqilium
2366 2860 2381 2885 ‚
2432 2807 2658 2873 Catul-

543 2933 676 2995 lum
745 2913 1020 3014 atiosque
1077 2941 1299 3016 poetas
1365 2936 1636 3000 Latinos
1704 2935 2053 3000 imitatione
2122 2937 2457 3017 expressit,
2543 2937 2655 3001 sed

544 3060 731 3123 etiam
772 3127 786 3135 ,,
821 3060 1338 3127 Alexandrinum
1431 3064 1747 3145 exemplar
1840 3069 1986 3129 ante
2080 3054 2296 3130 oculos*
2366 3065 2659 3135 habuisse

540 3188 806 3254 videtur.
903 3191 1232 3273 Quidquid
1283 3198 1492 3258 autem
1567 3193 1804 3257 eruditi
1849 3193 2014 3258 hisce
2059 3193 2136 3257 de
2180 3194 2365 3258 rebus
2406 3195 2648 3275 passim

541 3321 943 3400 scripserint,
1013 3322 1214 3385 denuo
1285 3324 1647 3386 examinare
1719 3326 1906 3403 atque
1973 3323 2044 3385 in
2108 3342 2332 3403 corpus
2376 3322 2657 3404 rediqere

541 3448 698 3512 mihi
738 3450 1128 3530 propositum
1178 3454 1287 3513 est.
2681 3538 2687 3541 .

632 3577 961 3658 Imprimis
1009 3598 1082 3642 ea
1098 3628 1114 3657 ‚
1165 3599 1325 3660 quae
1371 3579 1488 3643 alii
1518 3579 1711 3643 obiter
1742 3584 1991 3644 tantum
2021 3581 2283 3659 attiqere
2298 3629 2314 3658 ,
2350 3579 2657 3643 subtilius

535 3711 1054 3787 perscrutaturus
1122 3728 1255 3771 rem
1311 3708 1407 3772 ita
1451 3709 1786 3772 instituam
1802 3757 1818 3786 ‚
1867 3713 1941 3771 ut
1986 3690 2303 3772 concisum
2350 3708 2651 3771 carminis

544 3842 981 3920 arqumentum
1041 3838 1464 3918 praemittam,
1545 3838 1771 3902 deinde
1832 3857 2042 3901 omnes
2104 3842 2356 3901 nostrae
2402 3834 2661 3916 fabulae

546 3966 877 4031 varietates
946 3968 1265 4047 conseram
1281 4017 1296 4045 ,
1364 3986 1557 4049 porro
1619 3968 1694 4031 de
1734 3968 1938 4047 poesis
1980 3988 2202 4061 qenere
2249 3972 2307 4031 et
2352 3967 2656 4030 carminis

545 4083 798 4142 auctore
843 4079 996 4159 quid
1039 4080 1308 4143 sentiam
1327 4129 1342 4152 ,
1375 4098 1680 4159 eccponam
1698 4128 1713 4157 ‚
1748 4083 2058 4159 postremo
2090 4078 2329 4158 aliquot
2362 4076 2662 4140 animad-

548 4210 856 4274 versiones
902 4210 1156 4273 criticas
1202 4208 1527 4290 adjiciam.
