3392 5292
1579 598 1667 661 25

751 807 936 886 Impia
973 827 1084 867 nec
1124 808 1376 885 tragicos
1417 808 1701 886 tetigisset
1744 808 1936 887 Scylla
1977 811 2296 873 cothurnos

846 911 923 971 Ni
963 910 1219 989 patrium
1261 912 1484 973 crinem
1524 912 1882 974 desecuisset
1922 932 2107 974 amor.

640 1045 815 1109 Tum
887 1045 968 1109 de
1038 1045 1254 1110 Minoe
1325 1046 1480 1110 novi
1527 1046 1775 1129 aliquid
1822 1066 1862 1111 a
1910 1047 2135 1113 nostro
2184 1048 2493 1127 affertur,
2544 1068 2696 1113 cum

544 1163 766 1257 ‚Scylla
836 1164 1049 1228 virum
1120 1164 1417 1229 amatum
1489 1165 1727 1230 nutrici
1799 1165 2221 1247 designatura
2282 1165 2469 1231 illum
2542 1186 2698 1231 »nec

550 1282 684 1347 ullo
755 1283 1022 1346 vulnere
1093 1281 1302 1347 laedi’'
1373 1282 1479 1367 (cf.
1555 1302 1630 1347 vs
1710 1280 1877 1367 270)
1960 1302 2151 1365 posse
2226 1284 2465 1349 tradat.
2566 1283 2699 1362 Qui

549 1401 726 1464 enim
774 1400 998 1483 Heyne
1047 1402 1281 1484 putare
1327 1401 1615 1483 potuerit
1661 1402 1787 1465 illis
1834 1401 2050 1467 verbis
2097 1402 2223 1466 hoc
2272 1403 2533 1467 tantum
2566 1402 2695 1483 sig-

551 1518 805 1583 nificari
870 1519 1199 1584 „Minoem
1265 1518 1622 1601 aliquando
1692 1519 2133 1584 immortalem
2204 1518 2395 1597 fore”,
2466 1520 2698 1586 merito

552 1636 910 1702 miraberis,

645 1752 824 1820 Haec
892 1754 1132 1834 habui,
1209 1774 1379 1838 quae
1444 1756 1526 1819 de
1587 1754 1850 1820 fabulae
1897 1756 2318 1821 innovatione
2365 1756 2697 1823 adderem.

554 1873 748 1951 Quod
794 1873 1018 1937 autem
1066 1872 1152 1937 ad
1202 1872 1455 1956 Scyllae
1503 1892 1823 1957 personae
1871 1872 2261 1938 effictionem
2310 1874 2572 1951 attinet,
2623 1894 2701 1940 ea

556 1991 702 2057 talis
775 1993 909 2069 est,
981 2010 1152 2073 quae
1224 1991 1661 2072 demonstret,
1729 1993 1996 2074 poetam
2042 1991 2209 2056 bene
2258 1991 2695 2075 perspexisse,

555 2108 744 2192 cujus
813 2111 1091 2175 naturae
1163 2108 1458 2175 fabulam
1529 2128 1669 2182 esse
1739 2109 2074 2192 oporteat,
2149 2118 2319 2191 quae
2380 2109 2701 2173 lectorum

557 2227 811 2292 animos
859 2227 1141 2293 moveat.
1238 2226 1488 2311 Nempe
1536 2228 1752 2310 Scylla
1798 2227 2111 2305 facinore,
2166 2228 2346 2309 quod
2391 2228 2460 2291 in
2494 2225 2700 2292 Juno-

557 2363 710 2408 nem
784 2345 1144 2424 commisit,
1219 2365 1354 2409 non
1424 2347 1560 2411 tam
1623 2364 1890 2427 gravem
1953 2364 2237 2429 poenam
2285 2345 2517 2409 merita
2570 2344 2702 2421 est,

557 2481 758 2544 quam
821 2462 1028 2528 Amor
1074 2462 1160 2527 ab
1213 2483 1289 2527 ea
1336 2464 1566 2545 petivit
1613 2483 1822 2546 eaque
1869 2465 2015 2547 ipsa
2062 2464 2143 2528 de
2190 2482 2391 2528 causa
2438 2462 2703 2527 misera-

558 2580 734 2645 tione
780 2600 917 2645 non
963 2599 1232 2663 prorsus
1278 2581 1549 2663 indigna
1596 2582 1711 2647 est.

650 2698 881 2762 Finem
942 2698 1096 2763 huic
1161 2699 1584 2782 disputationi
1637 2700 1719 2763 de
1766 2683 2028 2764 fabulae
2078 2698 2390 2764 varietate
2437 2696 2705 2779 impono

557 2834 769 2899 pauca
816 2816 1066 2881 addens
1114 2818 1198 2881 de
1243 2817 1640 2882 narrationis
1688 2817 1937 2898 origine
1981 2818 2182 2898 atque
2228 2813 2468 2880 indole.

651 2932 896 2999 Notatu
968 2952 1128 2999 sane
1198 2934 1472 3016 dignum
1543 2936 1640 3000 est
1704 2936 1974 2999 nomina
2021 2952 2478 3017 personarum,
2533 2950 2706 3014 quae

560 3051 789 3116 nostra
875 3051 945 3115 in
1028 3049 1252 3116 fabula
1329 3052 1575 3135 primas
1643 3052 1865 3135 partes
1937 3052 2168 3133 agant,
2247 3051 2706 3132 cognationem

559 3169 878 3251 insignem
924 3168 1168 3235 habere
1215 3189 1368 3235 cum
1413 3170 1790 3236 nominibus
1838 3170 2165 3247 locorum,
2220 3189 2392 3253 quae
2438 3170 2509 3234 in
2547 3187 2705 3250 agro

560 3287 920 3368 Megarensi
967 3290 1085 3353 aut
1131 3308 1267 3353 non
1319 3288 1547 3372 procul
1595 3289 1680 3354 ab
1731 3308 1808 3354 eo
1858 3289 1984 3354 sita
2030 3289 2177 3354 sint.

655 3406 841 3484 Quae
911 3425 1064 3471 cum
1133 3408 1228 3472 ita
1290 3406 1454 3484 sint,
1530 3407 1692 3471 mihi
1747 3406 1927 3471 haud
1975 3405 2407 3490 improbabile
2452 3402 2709 3468 videtur

561 3522 854 3589 fabulam
943 3524 1211 3589 omnino
1298 3525 1384 3590 ad
1469 3527 1723 3590 certum
1808 3525 2028 3589 locum
2106 3524 2431 3607 pertinere
2507 3522 2707 3602 atque

563 3642 778 3707 ortam
865 3660 1004 3707 esse
1093 3661 1172 3707 ex
1233 3643 1661 3708 'contentione
1681 3690 1697 3723 ,
1757 3662 1962 3727 quam
2030 3642 2269 3721 DoreS,
2344 3658 2497 3704 cum
2568 3638 2707 3703 tota

563 3752 1017 3843 Peloponneso
1083 3761 1226 3845 jam
1295 3762 1486 3844 potiti
1557 3762 1801 3840 essent,
1876 3780 2027 3827 cum
2088 3759 2357 3824 Ionibus
2419 3757 2487 3821 in
2548 3775 2705 3837 agro

564 3877 926 3959 Megarensi
998 3880 1386 3959 habuerint,
1460 3900 1593 3963 qua
1662 3882 1731 3945 in
1806 3880 2224 3946 contentione
2285 3896 2439 3942 cum
2502 3874 2709 3940 Dores

565 3996 854 4061 Minoam
924 3997 1208 4063 insulam
1249 3998 1392 4081 jam
1441 4000 1898 4082 occupassent,
1953 3998 2191 4063 Nisaea
2238 3994 2709 4079 aliquantisper

566 4112 836 4179 defensa
904 4115 988 4179 sit
1055 4115 1140 4180 ab
1210 4115 1498 4181 Ionibus,
1597 4116 1817 4195 Quam
1888 4115 2234 4182 verisimile
2303 4114 2501 4196 igitur
2572 4114 2702 4188 est,

567 4233 833 4315 poetam
901 4232 1037 4297 Nisi
1109 4252 1350 4298 nomen
1416 4253 1497 4298 ex
1543 4234 1707 4299 urbe
1754 4234 2026 4313 Nisaea,
2075 4233 2307 4299 Minois
2355 4231 2579 4298 autem
2628 4249 2710 4294 ex
