3392 5292
1706 543 1797 607 24

771 765 921 844 Qua
967 764 1050 828 de
1097 761 1580 845 permutatione
1629 758 1973 840 utriusque
2022 754 2276 839 Scyllae
2325 757 2608 838 primm,
2645 755 2825 839 quod

675 883 918 962 sciam,
955 880 1315 964 disputavit
1347 877 1484 944 Nic.
1520 876 1827 942 Heinsius
1854 875 1940 940 ad
1965 872 2194 939 Sabini
2218 872 2404 955 epist.
2432 875 2493 952 I,
2526 875 2650 952 33;
2678 874 2827 939 vide

677 1002 821 1087 ejus
881 997 1429 1064 commentarium
1474 995 1544 1061 in
1593 993 1807 1060 Ovidii
1855 1011 2057 1075 opera
2104 992 2297 1057 Tom.
2346 992 2436 1057 III
2484 1011 2632 1075 pag.
2684 992 2821 1057 408

679 1120 761 1185 ed
809 1117 1077 1183 Fischer
1120 1115 1378 1198 Lipsiae
1433 1114 1634 1179 1758.
2542 1110 2547 1113 ’

770 1235 1066 1317 Denique
1127 1232 1321 1314 longe
1377 1232 1544 1298 alius
1607 1229 1864 1314 Scyllae
1912 1227 2123 1294 exitus
2171 1228 2640 1293 memorandus
2689 1232 2819 1307 est,

678 1355 764 1421 ab
816 1352 1221 1436 Apollodoro
1269 1350 1334 1415 et
1380 1349 1713 1416 Pausania
1762 1347 2042 1413 traditus
2064 1395 2080 1426 ,
2130 1365 2417 1429 quorum
2463 1346 2571 1411 ille
2624 1346 2821 1432 (Bibl.

678 1473 786 1553 ΙΠ,
826 1472 930 1547 15,
971 1468 1044 1557 8)
1081 1469 1238 1535 dicit
1267 1469 1554 1534 Minoem
1577 1468 1854 1549 Megaris
1880 1467 2167 1549 potitum
2193 1465 2509 1547 virginem
2535 1466 2825 1531 vinctam

678 1590 958 1674 pedibus
1021 1608 1057 1653 e
1120 1588 1326 1671 puppi
1387 1588 1457 1652 in
1503 1605 1685 1652 mare
1734 1586 2056 1670 dejectam
2104 1584 2405 1650 mersisse
2453 1593 2824 1670 (ὑποβρύχιον

678 1720 973 1793 ἐποίησεν),
1044 1706 1211 1771 alter
1277 1705 1551 1791 (Perieg.
1629 1704 1688 1769 II
1731 1726 1747 1769 z
1796 1703 1913 1783 34,
1996 1701 2070 1790 7)
2137 1703 2300 1767 haec
2364 1701 2583 1767 affert:
2618 1709 2733 1766 .καὶ
2764 1715 2820 1780 (ὁ

680 1836 886 1900 Μίνως)
911 1836 1225 1908 προσέταξε
1238 1838 1362 1898 τοῖς
1379 1832 1592 1909 Κρησὶν
1613 1834 1821 1908 (αὐτὴν)
1838 1832 2119 1903 ἐκβάλλειν
2134 1839 2236 1905 τῆς
2252 1836 2391 1893 νεώς
2404 1874 2419 1899 ,
2436 1834 2823 1887 ἀποθανοῦσαν

682 1953 747 2009 δὲ
796 1955 1108 2028 ἀπέρριψεν
1154 1955 1218 2015 ἐς
1267 1957 1363 2027 τὴν
1395 1952 1566 2025 ἄκραν
1601 1951 1805 2024 ταύτην
1856 1939 2404 2022 (promontorium
2454 1937 2823 2021 Scyllaeum

681 2059 868 2137 dicit,
925 2060 1031 2124 cui
1079 2079 1120 2125 a
1166 2059 1302 2124 Nisi
1349 2059 1486 2123 filia
1533 2077 1778 2123 nomen
1826 2058 1959 2137 est,
2014 2057 2086 2121 ut
2119 2056 2316 2139 paulo
2350 2058 2503 2122 ante
2528 2052 2824 2141 tradidit)

684 2176 714 2227 ό
764 2172 994 2227 κλύδων.
1017 2183 1054 2244 1)
1133 2171 1315 2243 Τάφον
1364 2172 1427 2226 δὲ
1481 2171 1582 2227 οὐκ
1618 2172 2017 2243 ἀποφαίνουσιν
2054 2170 2254 2244 αὐτῆς,
2291 2171 2429 2226 ἀλλὰ
2462 2175 2827 2243 περιοφθῆναι

680 2277 776 2329 τὸν
810 2276 998 2346 νεκρόν
1037 2293 1176 2346 φασι
1209 2276 1618 2347 διαφορηθέντα
1656 2273 1763 2329 ὑπὸ
1801 2279 1913 2329 τῶν
1951 2276 2011 2329 ἐκ
2043 2274 2331 2348 θαλάσσης
2360 2273 2612 2347 ὀρνίθων.

778 2378 1190 2463 Comparatis
1255 2380 1562 2445 omnibus
1626 2379 1889 2445 fabulae
1952 2379 2411 2459 varietatibUS,
2468 2380 2701 2461 restat,
2753 2381 2830 2447 ut

680 2497 1044 2563 indicemus
1063 2549 1080 2578 ,
1131 2498 1290 2582 quid
1336 2498 1612 2582 scriptor
1660 2497 1825 2563 Ciris
1872 2498 1941 2562 in
1988 2497 2322 2563 narrando
2356 2497 2696 2589 novaverit
2726 2498 2831 2563 vel

679 2615 1026 2681 addiderit.
1124 2616 1302 2681 Haec
1365 2616 1627 2681 tantum
1674 2635 1888 2699 pauca
1936 2616 2093 2713 sunt
2142 2635 2357 2698 neque
2406 2615 2492 2680 ad
2541 2616 2829 2700 Scyllam

679 2734 893 2818 ipsam
951 2735 1066 2800 sed
1129 2736 1215 2801 ad
1277 2735 1718 2799 secundarum
1768 2734 2056 2815 partium
2103 2753 2419 2817 personas
2467 2735 2823 2816 pertinent.

682 2850 852 2917 Cum
930 2871 1145 2935 neque
1223 2853 1294 2917 in
1372 2853 1600 2917 nostra
1681 2870 1898 2933 neque
1967 2851 2036 2915 in
2107 2850 2335 2916 fabula
2404 2852 2485 2916 de
2560 2851 2829 2917 Carmes

682 2969 832 3034 fatis
856 3021 872 3049 ‚
967 2970 1147 3052 quod
1222 2970 1460 3050 sciam,
1535 2970 1837 3035 tradatur
1907 2969 2143 3035 Carme
2214 2970 2475 3053 captiva
2543 2970 2832 3036 abducta

684 3083 798 3172 (cf.
878 3106 954 3151 vs
1034 3087 1197 3172 290)
1266 3088 1334 3152 in
1413 3086 1551 3152 Nisi
1623 3087 2020 3170 potestatem
2090 3088 2343 3152 venisse
2415 3089 2477 3152 et
2551 3087 2637 3152 ab
2708 3089 2833 3152 hoc

684 3204 939 3287 Scyllae
986 3204 1158 3270 filiae
1205 3205 1428 3270 nutrix
1476 3204 1632 3271 data
1683 3182 1824 3269 esse
1845 3254 1861 3285 ,
1906 3205 2129 3270 noster
2162 3205 2282 3271 has
2315 3207 2535 3288 partes
2569 3206 2834 3270 finxisse

682 3324 974 3401 videtur,
1047 3322 1174 3387 nisi
1245 3341 1356 3386 eas
1426 3320 1595 3387 forte
1668 3342 1709 3387 a
1776 3322 2111 3404 tragoedia
2174 3323 2431 3405 perdita
2492 3324 2835 3389 mutuatus

684 3442 790 3507 sit.
885 3440 1052 3507 Nam
1104 3440 1508 3539 tragoediam
1556 3440 1638 3505 de
1687 3440 1907 3524 Scylla
1950 3440 2087 3506 Nisi
2121 3440 2258 3507 filia
2289 3440 2518 3521 fuisse,
2558 3445 2834 3526 apparet

686 3578 769 3625 ex
817 3559 1003 3625 Ovid.
1059 3558 1374 3624 Tristium
1423 3558 1482 3622 II
1532 3558 1710 3623 393:

759 3766 797 3826 1)
853 3762 1290 3817 Promontorium
1343 3760 1645 3833 Scyllaeum
1700 3764 1757 3817 in
1810 3762 2104 3817 Hermione
2156 3762 2321 3818 situm
2370 3782 2403 3819 a
2438 3768 2623 3820 nostra
2658 3765 2836 3838 Scylla

687 3882 880 3921 nomen
917 3863 1185 3935 accepisse
1201 3905 1217 3931 ,
1266 3863 1428 3919 etiam
1463 3868 1726 3922 memorat
1748 3865 1941 3921 Strabo
1960 3864 2213 3934 V111126,
2236 3864 2333 3919 132
2364 3860 2437 3916 Τὸ
2460 3861 2524 3916 δὲ
2542 3862 2833 3918 Σκύλλαιον

687 3964 752 4016 τὸ
804 3962 861 4016 ἐν
885 3958 1159 4035 εΕρριιόνῃ
1187 3962 1508 4026 ὠνομάσθαι
1543 3959 1708 4033 φασὶν
1746 3964 1853 4017 ἀπὸ
1889 3960 2133 4035 Σκύλλης
2160 3968 2263 4034 τῆς
2296 3961 2473 4018 Νίσου
2517 3969 2831 4039 θυγατρός,

690 4065 754 4136 ἣν
804 4062 872 4123 ἐξ
921 4061 1140 4133 ἔρωτος
1185 4064 1508 4135 προδοῦσαν
1558 4062 1709 4137 Μίνῳ
1754 4066 1853 4137 τὴν
1893 4062 2121 4119 Νισαίαν
2163 4069 2648 4139 καταποντωθῆναί
2667 4088 2833 4141 φασιν

665 4160 779 4225 ,ὑπ’
823 4161 1030 4229 αὑτοῦ,
1071 4165 1247 4235 δεῦρο
1287 4160 1338 4219 δ’
1362 4166 1789 4231 ἐκκυμανθεῖσαν
1818 4170 2004 4238 ταφῆς
2035 4167 2247 4238 τυχεῖν.
