3392 5292
1566 612 1651 676 75

580 823 1069 887 considera-mus
1088 874 1103 900 ,
1154 843 1326 906 quae
1372 826 1720 907 scriptores
1768 825 2052 891 Romani
2099 826 2222 891 hac
2271 828 2352 891 de
2395 848 2467 893 re
2499 848 2729 896 narra-

582 942 833 1005 verunt.
905 941 1081 1006 Tum
1130 942 1493 1006 videbimus
1540 942 1892 1024 Vergilium
1945 945 2009 1009 et
2057 943 2438 1011 Cornelium
2471 946 2729 1013 Gallum

581 1078 733 1123 eum
780 1059 997 1141 ipsum
1044 1060 1238 1125 nosse
1280 1079 1487 1143 eoque
1519 1061 1840 1126 imitando
1875 1056 2027 1127 cum
2065 1062 2330 1127 Tiberio
2364 1065 2427 1129 et
2459 1064 2731 1131 fortasse

581 1196 731 1243 cum
782 1177 1012 1244 Ovidio
1061 1197 1327 1262 quoque
1374 1179 1740 1244 certavisse.

672 1413 970 1479 Primum
1033 1416 1371 1482 videamus
1435 1416 1517 1480 de
1588 1416 1890 1499 Vergilio.
1986 1416 2231 1496 Quem,
2292 1437 2444 1482 cum
2501 1420 2734 1484 studiis

581 1531 840 1596 Graecis
871 1533 1129 1599 deditus
1162 1534 1361 1611 esset,
1400 1534 1833 1599 Parthenium
1867 1537 2361 1617 praeceptorem
2392 1536 2730 1617 habuisse,

580 1651 1031 1731 cognoscimus
1070 1670 1150 1715 ex
1189 1651 1473 1716 Macrob.
1504 1652 1772 1717 Saturn.
1799 1652 1873 1732 V,
1909 1653 1990 1718 17
2019 1673 2235 1719 versus
2259 1660 2351 1719 est
2373 1655 2731 1735 Pamthem'i,

578 1788 699 1850 quo
740 1771 1153 1853 yrammatico
1197 1771 1270 1835 in
1319 1770 1581 1837 Graecis
1640 1770 1959 1857 Verqilius
2005 1791 2163 1837 usus
2197 1777 2286 1838 est
2314 1769 2395 1858 ¹).
2448 1772 2734 1857 Quoquo

581 1886 777 1951 modo
808 1887 1138 1969 statuitur,
1172 1888 1465 1954 Meineke
1500 1890 1713 1969 errat,
1746 1890 1991 1971 putans
2024 1888 2298 1971 Neapoli
2327 1889 2575 1955 factum
2606 1890 2731 1955 hoc

582 2022 721 2069 esse
767 2006 939 2071 circa
988 2007 1121 2071 690
1172 2025 1233 2071 a.
1284 2026 1349 2071 u.
1400 2026 1493 2085 c.,
1547 2008 1727 2089 quod
1763 2007 1854 2072 ibi
1887 2026 1964 2071 eo
2004 2011 2296 2089 tempore
2335 2007 2732 2089 „Vergilium

579 2124 825 2203 graecis
872 2123 1221 2207 latinisque
1270 2124 1471 2189 literis
1519 2144 1786 2208 operam
1839 2126 2091 2190 dedisse
2124 2123 2408 2190 affirmat
2437 2124 2736 2190 Donatus

582 2240 727 2305 Vita
773 2241 957 2321 Verg.
1015 2240 1066 2307 C
1116 2242 1220 2307 2³³.
1276 2241 1403 2329 (Cf.
1453 2244 1646 2310 Anal.
1684 2243 1865 2307 Alex.
1908 2264 1971 2327 p.
2010 2241 2195 2330 257).
2251 2243 2434 2323 Quae
2466 2244 2734 2327 quidem

577 2357 876 2422 Meinekii
946 2352 1270 2425 sententia
1340 2378 1609 2443 prorsus
1683 2360 2100 2443 reprobanda
2164 2364 2290 2437 est,
2362 2362 2543 2445 quod
2594 2363 2730 2427 vita

577 2476 815 2542 Donati
865 2476 1128 2559 vulgata
1175 2478 1242 2543 ll.
1294 2478 1690 2562 interpolata
1741 2481 1859 2543 est.
1935 2479 2136 2544 Recte
2184 2479 2362 2543 enim
2396 2479 2734 2561 Augustus

580 2594 1045 2661 Reifferscheid
1091 2596 1239 2661 libri
1289 2596 1391 2661 sui
1450 2596 1760 2661 »Suetoni
1809 2594 2188 2679 Reliquiae”
2235 2596 2528 2692 inscripti
2581 2615 2732 2678 pag.

579 2711 709 2777 401
772 2715 1029 2779 monuit
1046 2713 1128 2801 ²),
1179 2716 1484 2781 notitiam
1533 2715 1615 2780 de
1663 2715 1900 2797 Vergili
1950 2715 2182 2780 studiis
2229 2700 2730 2793 mathematiciS‚

657 2934 695 2996 ¹)
748 2930 899 2986 Haec
933 2930 1197 2987 Macrobii
1232 2931 1409 2987 verba'
1428 2948 1537 2986 non
1573 2931 1719 2987 omni
1753 2929 2090 2987 dubitatione
2115 2932 2327 2985 exemta
2350 2944 2493 2996 esse,
2525 2929 2736 2985 monuit

582 3025 857 3083 Ribbeck:
912 3026 1116 3098 Vergili
1163 3027 1368 3100 Opera,
1406 3026 1487 3083 ed.
1527 3026 1653 3083 min.
1690 3045 1811 3099 pag.
1851 3026 1980 3083 XII.
2015 3026 2407 3082 Firmissimum
2443 3026 2546 3082 hoo
2582 3025 2736 3081 affert

582 3120 727 3193 quod
773 3121 936 3184 ,haec
972 3122 1089 3194 ipsa
1122 3142 1217 3195 quo
1238 3163 1249 3174 .
1274 3166 1286 3177 .
1307 3165 1318 3176 .
1338 3142 1456 3180 usus
1494 3128 1567 3180 est
1600 3127 1657 3179 et
1690 3141 1841 3180 erasa
1875 3126 2004 3179 sunt
2037 3123 2095 3179 in
2113 3123 2401 3179 Parisiensi
2420 3122 2466 3177 P
2485 3139 2583 3178 nec
2602 3121 2735 3177 satis

582 3234 703 3272 cum
740 3216 950 3274 dicendi
987 3218 1373 3275 consuetudine
1410 3219 1754 3276 Macrobiana
1790 3219 2041 3275 videntur
2058 3218 2331 3275 conciliari
2349 3219 2560 3291 posse''.
2595 3216 2735 3273 Cum

583 3316 761 3369 autem
814 3314 915 3369 hoc
949 3317 1270 3387 postremem
1304 3332 1371 3370 ex
1409 3314 1594 3386 paucis
1628 3314 1776 3371 hisce
1812 3315 1988 3371 verbis
2023 3313 2239 3369 difficile
2275 3314 2348 3369 sit
2381 3311 2634 3385 probatu,
2672 3317 2736 3367 nt

584 3409 787 3481 opinor,
829 3409 960 3465 haec
994 3409 1241 3467 idoneam
1276 3428 1489 3467 causam
1526 3409 1866 3483 abjudicandi
1902 3408 2156 3481 praebere
2192 3408 2322 3463 mihi
2341 3425 2449 3463 non
2467 3407 2735 3474 videntur,

585 3504 897 3577 praesertim
944 3522 1065 3561 cum
1100 3510 1280 3561 cetera
1311 3510 1648 3577 argumenta,
1692 3523 1829 3578 quae
1860 3503 2104 3561 Ribbeck
2142 3503 2322 3569 affert,
2359 3502 2418 3558 in
2451 3504 2734 3574 utramque

585 3604 790 3673 partem
826 3600 1104 3673 quadrent.

658 3694 697 3762 ²)
750 3696 833 3753 of.
882 3695 1140 3768 Ejusdem
1190 3695 1315 3753 libri
1349 3714 1467 3768 pag.
1504 3696 1607 3752 399
1646 3713 1758 3768 sqq.
1776 3738 1791 3762 ,
1828 3695 1921 3751 ubi
1959 3693 2268 3767 exponitur,
2305 3692 2506 3747 Donati
2539 3690 2734 3757 vitam,

587 3810 721 3863 quae
758 3791 915 3848 hodie
950 3790 1161 3863 legatur
1179 3834 1194 3858 ,
1228 3790 1377 3846 nulla
1411 3791 1610 3847 codicis
1646 3790 1965 3846 auctoritate
1995 3788 2097 3844 niti
2115 3806 2176 3844 ac
2195 3785 2550 3861 putidissimis
2567 3785 2729 3842 inter-

590 3886 951 3959 polationibus
987 3887 1249 3958 insignem
1288 3904 1429 3954 esse;
1466 3904 1643 3942 veram
1680 3890 1860 3942 autem
1899 3886 2062 3940 vitam
2097 3884 2326 3956 primum
2364 3900 2394 3937 e
2429 3879 2629 3937 codicis
2651 3880 2737 3935 sui

588 3985 755 4053 (nunc
802 3984 1089 4039 Beruensis
1135 3983 1257 4047 1⁷2)
1291 3982 1395 4038 fide
1430 3981 1639 4038 dedisse
1674 3981 1736 4035 P.
1781 3979 2021 4036 Danielis
2053 3979 2299 4035 meritum
2338 3995 2482 4043 esse,
2524 3976 2737 4048 culpam

587 4096 713 4135 vero
749 4078 1059 4151 posterioris
1095 4078 1287 4134 aetatis
1323 4077 1389 4133 ad
1423 4078 1565 4132 hunc
1600 4094 1793 4148 purum
1828 4076 2032 4131 fontem
2066 4064 2174 4130 non
2210 4074 2456 4135 rediisse,
2493 4072 2587 4128 sed
2625 4070 2738 4127 vul-

587 4176 766 4244 gatam
818 4174 983 4230 vitam
1038 4174 1170 4230 mira
1222 4171 1464 4229 socordia
1513 4190 1848 4245 propagasse.
1919 4171 2101 4227 Talem
2148 4169 2593 4244 vituperationem
2627 4184 2736 4223 non

591 4268 779 4326 eadere
833 4268 888 4324 in
942 4269 994 4324 J.
1050 4269 1140 4325 Fr.
1197 4267 1554 4331 Gur-onmium,
1610 4269 1705 4341 qui
1758 4268 1813 4325 in
1865 4268 2009 4324 notis
2059 4266 2126 4323 ad
2161 4267 2325 4323 vitam
2363 4284 2394 4322 a
2428 4265 2736 4321 Burmanno
