3392 5292
1668 598 1755 662 78

636 810 872 875 habuit
934 811 1239 889 reddere,
1292 810 1617 875 Graecum
1666 810 2040 892 exemplum
2091 810 2315 875 tamen
2363 810 2596 893 putida
2643 811 2789 899 imiss

637 929 884 993 tatione
934 929 1271 1012 expressit.

728 1047 877 1113 Non
948 1048 1238 1113 alienum
1309 1046 1435 1111 hoc
1497 1046 1642 1111 loco
1692 1046 2021 1112 videbitur
2069 1047 2589 1112 animadvertere
2636 1047 2790 1111 Ver·

634 1166 863 1248 gilium
910 1185 1125 1249 neque
1171 1165 1442 1231 unicum
1484 1166 1702 1248 neque
1734 1165 2022 1247 primum
2053 1163 2284 1245 fuisse,
2320 1164 2434 1247 qui
2465 1164 2791 1230 Moretum

633 1285 943 1350 Latinum
990 1283 1338 1366 scripserit.
1445 1282 1707 1348 Etenim
1756 1283 1935 1365 apud
1986 1283 2272 1349 Macrob.
2328 1282 2465 1348 Sat.
2515 1282 2609 1347 II:
2668 1281 2788 1357 14,

646 1402 765 1478 11,
829 1402 943 1466 ubi
992 1402 1072 1466 de
1121 1420 1291 1465 nuce
1339 1401 1659 1465 mollusca
1707 1402 1840 1466 sive
1890 1403 2142 1484 persico
2192 1403 2426 1484 agitur,
2476 1400 2789 1482 legimus:

650 1520 884 1603 »huJ‘us
950 1521 1041 1584 rei
1091 1520 1367 1585 idoneus
1415 1519 1700 1585 assertor
1750 1522 1848 1585 est
1895 1520 2129 1585 Sueius
2152 1518 2204 1607 ¹)
2256 1521 2353 1586 vir
2399 1520 2591 1602 longe
2641 1519 2792 1584 doc-

642 1639 931 1704 tissimus
979 1639 1046 1704 in
1098 1640 1321 1722 idyllio
1368 1639 1548 1721 quod
1597 1639 1976 1704 inscribitur
2022 1637 2368 1703 Moretum.
2441 1636 2612 1702 Nam
2643 1656 2795 1701 cum

642 1757 935 1840 loquitur
1006 1758 1086 1823 de
1158 1758 1515 1823 hortulano
1587 1756 1866 1822 faciente
1936 1757 2264 1845 moretum
2284 1807 2298 1833 ,
2363 1756 2534 1821 inter
2581 1757 2796 1821 cetera

642 1894 815 1961 quae
863 1896 941 1941 eo
990 1876 1193 1941 mittit
1241 1877 1305 1941 et
1354 1875 1480 1940 hoc
1527 1894 1803 1962 pomum
1850 1875 2023 1940 mitti
2071 1875 2164 1940 ait
2209 1875 2312 1940 his
2359 1874 2604 1941 verbis:

842 2032 1146 2093 Admiscet
1184 2034 1397 2094 bacam
1438 2033 1639 2107 silicis3
1682 2034 1830 2093 haec
1871 2053 2030 2095 nunc
2077 2059 2200 2092 υψ
2254 2067 2323 2077 -
2375 2055 2429 2087 υ

808 2154 917 2180 “-
969 2161 1091 2195 uu
1144 2171 1213 2181 —-
1265 2163 1387 2196 υυ
1440 2170 1510 2181 -
1560 2162 1683 2195 uu
1737 2171 1806 2181 —-
1859 2164 1980 2195 υυ
2033 2171 2104 2181 -
2155 2164 2278 2198 ux)
2325 2137 2572 2217 partim,

845 2241 1071 2301 Partim
1110 2241 1380 2302 Persica:
1422 2243 1583 2320 quod
1623 2260 1842 2302 nomen
1881 2242 1965 2303 sic
2009 2242 2260 2321 denique
2301 2243 2515 2316 fertur,

848 2345 1169 2423 Propterea
1211 2348 1399 2424 quod,
1445 2346 1545 2423 qui
1587 2348 1890 2424 quondam
1931 2366 2068 2408 cum
2108 2366 2245 2424 rege
2286 2346 2510 2425 potenti

847 2448 1101 2510 Nomine
1139 2449 1476 2510 Alexandro
1516 2450 1728 2527 Magno
1773 2452 1898 2512 fera
1929 2452 2153 2529 proelia
2193 2452 2348 2513 bello

772 2540 778 2545 ⁷
851 2553 916 2613 In
957 2553 1171 2615 Persas
1213 2556 1487 2629 tetulere‚
1532 2575 1641 2616 suo
1684 2563 1821 2634 post
1856 2556 1993 2617 inde
2036 2563 2279 2618 reventu

848 2658 980 2721 Hoc
1020 2680 1204 2737 genus
1245 2660 1471 2721 arboris
1513 2660 1575 2721 in
1615 2661 1890 2740 praelatis
1934 2662 2148 2721 finibus
2195 2660 2385 2721 Graiis
2419 2666 2424 2671 ’

848 2763 1193 2826 Disseruere
1214 2810 1229 2839 ,
1268 2784 1454 2826 novos
1502 2767 1729 2827 fructus
1771 2766 2118 2827 mortalibus
2163 2766 2387 2827 dantes,

848 2868 1133 2930 Mollusca
1172 2871 1318 2932 haec
1358 2890 1482 2931 nux
1523 2878 1641 2945 est,
1685 2890 1762 2932 ne
1805 2872 1938 2950 quis
1980 2872 2131 2931 forte
2171 2871 2413 2934 inscius,
2435 2872 2646 2932 erret''.

746 3005 941 3083 Hunc
987 3020 1211 3084 autem
1260 3022 1524 3103 poetam
1573 3023 1727 3087 ante
1776 3021 2128 3104 Vergilium
2175 3022 2407 3085 vixisse
2427 3068 2442 3099 ,
2494 3022 2677 3104 patet
2723 3040 2839 3109 ex·

656 3138 942 3204 Macrob.
1026 3139 1157 3205 Sat.
1235 3139 1319 3202 VI
1360 3160 1375 3203 ε
1423 3140 1494 3219 1,
1572 3141 1678 3206 37.
1747 3142 1831 3220 5,
1905 3142 2026 3220 15,
2095 3140 2208 3204 ubi
2258 3140 2492 3224 Sueius
2538 3158 2803 3222 quoque

653 3257 1059 3322 memoratur
1120 3257 1294 3322 inter
1355 3258 1604 3322 veteres
1668 3257 1814 3323 illos
1861 3259 2124 3341 poetaS,
2185 3276 2515 3341 „quorum
2562 3275 2802 3323 aurum

656 3373 756 3456 (ut
802 3373 1097 3440 Ribbeck
1142 3375 1493 3457 Appendix
1536 3376 1721 3457 Verg.
1775 3396 1839 3459 p.
1901 3377 1982 3441 15
2034 3376 2364 3457 eleganter
2397 3372 2581 3462 dicit)
2609 3376 2802 3441 Maro

655 3491 947 3574 collegit,
1000 3493 1072 3558 ut
1120 3493 1189 3557 in
1236 3492 1372 3557 suis
1419 3492 1822 3559 carminibus
1870 3490 2286 3576 exponeret”.
2342 3494 2518 3559 „Nec
2555 3495 2802 3577 impro-

656 3609 875 3675 babile
935 3608 1251 3691 videtur”‚
1313 3611 1491 3676 idem
1566 3612 1741 3676 recte
1789 3611 2003 3687 addit,
2057 3630 2512 3677 „communem
2565 3614 2634 3677 in
2679 3613 2805 3677 hoc

656 3728 925 3813 quidem
957 3730 1344 3811 argumento
1378 3730 1720 3813 utriusque
1753 3710 2088 3795 auctorem
2112 3730 2309 3795 fuisse
2333 3731 2800 3813 Parthenium,

658 3848 916 3912 motum
962 3849 1186 3913 autem
1219 3848 1396 3913 Sueii
1429 3849 1728 3931 exemplo
1760 3843 2116 3930 Vergilium
2150 3849 2513 3931 periculum
2548 3849 2801 3949 fecisse,

734 4077 771 4140 ¹)
829 4076 916 4129 Sic
952 4074 1092 4129 enim
1127 4091 1223 4147 pro
1242 4076 1453 4132 Suevius
1466 4072 1806 4132 scribendum
1829 4092 1945 4132 esse
1967 4075 2204 4133 ostendit
2220 4075 2286 4133 L.
2305 4075 2536 4133 Mueller
2555 4076 2807 4133 Museum

662 4166 836 4225 Rhen.
892 4169 1081 4225 XXIV
1130 4188 1179 4242 p.
1236 4171 1337 4226 553
1375 4189 1452 4244 sq.
1525 4171 1728 4228 Versus
1763 4172 1889 4228 Suei
1925 4172 2166 4229 dedimus
2203 4190 2269 4227 ex
2307 4171 2388 4227 ed.
2426 4171 2714 4239 Muelleri,
2747 4172 2806 4227 in

663 4264 862 4321 Lucilii
898 4265 1083 4337 fragm.
1120 4284 1169 4338 p.
1207 4266 1327 4321 312.
