3392 5292
1697 538 1783 599 82

662 752 908 815 nostro,
983 750 1253 815 Interim
1299 751 1579 816 breviter
1626 768 2175 827 commemorare,
2229 750 2391 831 quid
2423 750 2660 815 Rohde
2692 750 2815 815 hac

663 868 744 932 de
791 887 863 933 re
906 868 1451 950 perprobabiliter
1499 868 1824 947 statuerit,
1875 866 2171 932 hocloco
2196 886 2333 932 non
2359 869 2648 933 alienum
2673 885 2813 931 esse

662 984 1007 1050 videbitur.
1047 982 1091 1067 ¹)
1188 986 1251 1050 Is
1308 986 1533 1052 autem
1590 984 1880 1049 ostendit
1942 984 2298 1049 nonnullos
2367 983 2582 1049 Ovidii
2641 985 2818 1049 locos

663 1103 906 1167 mirum
960 1105 1289 1185 quantum
1335 1124 1489 1168 cum
1536 1102 1919 1185 fragmentis
1965 1102 2403 1185 Euphorionis
2452 1104 2822 1167 carminum

665 1239 1023 1303 congruere
1088 1223 1287 1304 atque
1335 1222 1631 1287 fabulam
1679 1219 1883 1303 Cycni
1928 1220 2289 1304 (Metamm.
2338 1221 2418 1299 ΙΙ,
2474 1220 2606 1285 367
2643 1219 2819 1305 sqq.)

667 1356 747 1402 ex
793 1337 1143 1403 Phanoclis
1173 1344 1406 1422 Ἔρωσι
1455 1339 1792 1421 sumptam
1825 1358 1985 1405 esse.
2058 1339 2154 1404 De
2184 1339 2550 1404 imitatione
2581 1338 2820 1404 Nican-

668 1456 827 1521 drea
898 1454 1071 1520 idem
1120 1456 1378 1522 monuit
1432 1458 1522 1522 nil
1572 1458 1732 1521 certi
1782 1458 1983 1523 statui
2029 1477 2256 1539 posse,
2307 1477 2461 1523 cum
2510 1457 2782 1523 Ovidius
2804 1506 2820 1535 ‚

670 1574 745 1639 ut
792 1592 872 1639 ex
917 1574 1257 1639 Antonino
1305 1574 1589 1640 Liberali
1636 1577 1932 1656 constet,
1984 1595 2138 1640 cum
2184 1574 2516 1641 Nicandro
2563 1576 2633 1640 in
2669 1575 2819 1639 :ele-

669 1691 895 1772 gendis
965 1692 1619 1759 transformationum
1689 1694 1929 1759 fabulis
1977 1693 2245 1778 quidem
2295 1696 2655 1777 congruat,
2705 1694 2820 1757 sed

672 1828 1002 1892 nusquam
1048 1812 1246 1895 plane
1296 1813 1363 1877 in
1412 1812 1609 1877 rebus
1655 1813 2081 1889 secundariis.

768 1928 954 2008 Quae
1001 1948 1154 1994 cum
1200 1930 1293 1995 ita
1341 1931 1505 2010 sint,
1544 1932 1758 2012 patet,
1805 1931 2056 2013 opinor,
2094 1930 2492 1996 Guilelmum
2514 1930 2826 1996 Petersen

674 2049 989 2113 audacius
1036 2066 1239 2131 quam
1289 2050 1502 2114 verius
1548 2068 1694 2131 pag.
1737 2050 1822 2115 37
1858 2068 2018 2114 suae
2050 2049 2524 2114 dissertationis
2557 2048 2824 2128 „Quae-

674 2167 917 2232 stiones
966 2165 1365 2232 Ovidianae’'
1410 2167 1759 2249 inscriptae
1807 2168 2218 2232 contendisse
2238 2216 2254 2248 ,
2290 2168 2572 2232 maxime
2607 2168 2828 2231 verisi-
2939 2174 2942 2177 ’

675 2284 830 2350 mile
916 2304 1057 2349 esse
1129 2286 1436 2350 Ovidium
1506 2286 1576 2348 in
1646 2285 2286 2368 Metamorphosibus
2358 2285 2829 2368 componendis

676 2407 874 2469 totum
934 2408 1376 2487 aryumentum
1432 2421 1513 2466 ex
1559 2402 1897 2468 Parthenii
1945 2415 2463 2488 Μεταμορφώσεσιν
2513 2403 2824 2469 hausisse.

771 2521 905 2588 Nec
953 2524 1173 2589 minus
1219 2524 1392 2587 idem
1442 2525 1653 2601 errat,
1705 2542 1858 2587 cum
1906 2542 2054 2606 pag.
2110 2524 2195 2589 38
2247 2523 2314 2587 et
2362 2524 2403 2587 9
2450 2522 2552 2606 (cf.
2607 2541 2672 2605 p.
2717 2519 2830 2605 18)

678 2642 834 2706 dicit
875 2642 1307 2707 Parthenium
1356 2643 1556 2724 atque
1589 2641 1897 2706 Ovidium
1929 2642 1997 2705 in
2032 2641 2422 2705 tractatione
2454 2640 2831 2705 fabularum

680 2760 761 2823 de
817 2759 1088 2843 Byblide
1136 2763 1210 2825 et·
1249 2760 1481 2826 Cauno
1531 2760 1597 2825 et
1647 2760 1729 2825 de
1777 2759 1992 2842 Scylla
2041 2760 2106 2823 et
2153 2758 2310 2823 Niso
2358 2778 2624 2841 prorsus
2673 2778 2832 2823 con-

682 2897 912 2961 gruere
961 2881 1481 2961 argumentaque
1527 2878 1726 2961 plane
1760 2878 1990 2942 eadem
2024 2896 2184 2941 esse.
2243 2877 2534 2941 Verbum
2567 2896 2836 2959 prorsus

682 2997 939 3062 nullum
987 2997 1309 3079 intellego.
1386 2995 1561 3061 Nam
1609 2997 1677 3060 in
1713 2998 1994 3079 utraque
2024 2994 2248 3060 fabula
2279 2996 2449 3060 inter
2481 2996 2836 3079 utrumque

682 3118 1018 3181 auctorem
1068 3116 1393 3200 discrepat
1438 3117 1505 3181 in
1554 3136 1624 3182 re
1664 3116 1933 3182 maximi
1971 3116 2309 3181 momenti.
2372 3116 2449 3179 In
2483 3116 2706 3181 fabula
2755 3114 2838 3179 de

684 3234 956 3320 Byblide
993 3237 1055 3302 et
1098 3235 1329 3301 Cauno
1370 3236 1764 3301 dissentiunt
1789 3237 1870 3300 de
1895 3235 2186 3318 Byblidis
2218 3235 2416 3299 exitu.
2468 3233 2665 3316 Apud
2682 3232 2835 3298 Ovi-

684 3354 866 3418 dium
894 3352 1255 3440 (Metamm.
1283 3354 1401 3435 IX,
1427 3354 1566 3419 440
1593 3353 1768 3439 sqq.)
1792 3354 2014 3438 Byblis
2033 3402 2048 3433 ,
2080 3356 2241 3419 dum
2264 3353 2531 3418 fratrem
2557 3350 2838 3432 vestigiis

683 3473 1116 3555 persequitur,
1182 3473 1331 3555 post
1377 3472 1622 3538 multas
1670 3473 2027 3539 errationes
2075 3474 2407 3555 postremo
2456 3471 2524 3535 in
2574 3469 2838 3535 Cariam

689 3592 892 3669 venit3
928 3592 1019 3656 ibi
1052 3612 1205 3657 cum
1231 3593 1494 3658 assiduo
1530 3612 1829 3657 moerore
1855 3592 1922 3657 et
1950 3592 2110 3656 fletu
2136 3590 2407 3671 fatigata
2430 3588 2837 3665 concidisset,

686 3712 1129 3793 nympharum
1176 3711 1594 3793 Lelegeidum
1637 3711 2084 3776 misericordia
2117 3708 2505 3792 exspirantis
2535 3706 2842 3771 lacrimae

687 3826 756 3891 in
842 3827 1090 3894 fontem
1180 3847 1533 3894 conversae
1611 3828 1991 3893 narrantur.
2137 3826 2533 3892 Parthenius
2613 3824 2844 3889 contra

688 3946 915 4009 narrat
962 3946 1304 4028 Byblidem
1352 3966 1422 4010 se
1470 3947 1886 4029 suspendisse
1924 3946 2006 4010 de
2039 3944 2273 4009 arbore
2306 3943 2618 4026 illamque
2652 3942 2843 4007 lacri-

768 4206 801 4273 ι)
842 4202 924 4258 Cf.
964 4204 1176 4259 Rohde:
1218 4205 1311 4260 der
1346 4205 1688 4261 Griechische
1728 4204 1966 4271 Roman,
2004 4223 2055 4275 p.
2092 4202 2195 4262 127
2233 4221 2310 4275 sq.
