3392 5292
1671 594 1802 658 104

725 813 835 872 (Vs.
885 806 1007 889 484*
1042 808 1277 859 eternam
1332 802 1409 857 B:
1464 804 1738 858 externam
1789 801 1839 856 A
1890 799 1946 854 H
2001 799 2053 853 R
2102 802 2156 855 et
2195 799 2381 871 rigidis
2416 798 2483 865 L)
2520 800 2807 871 squammis

655 900 709 954 R
760 907 786 965 Η
841 917 918 954 vs.
970 900 1071 953 485
1127 887 1320 957 tener?
1363 919 1426 956 m.
1482 900 1514 954 2
1568 916 1630 953 ex
1682 902 1894 952 teneras
1948 912 2062 949 corr
2105 895 2151 950 B
2200 894 2211 967 Ι
2267 894 2547 951 comittere
2576 896 2621 949 B
2657 914 2720 950 m.
2757 896 2805 961 1,

655 994 707 1050 R
740 1000 1026 1075 connetere
1056 994 1152 1059 H).

747 1138 1156 1203 Vocabulum
1204 1143 1561 1217 aeternam,
1611 1138 1793 1221 quod
1835 1156 1914 1202 ex
1946 1141 2225 1206 lectione
2257 1146 2538 1207 eternam
2567 1141 2808 1207 codicis

655 1256 1090 1322 Bruxellensis
1163 1258 1503 1342 profluxit,
1579 1278 1714 1324 non
1787 1260 1928 1325 sine
2000 1259 2356 1324 offensione
2428 1261 2562 1339 est,
2629 1260 2808 1342 quod

657 1395 852 1441 sensu
925 1377 1162 1442 idoneo
1233 1379 1430 1442 caret.
1528 1376 1834 1442 Diversae
1893 1374 2384 1442 emendationes
2434 1378 2808 1461 propositae

656 1488 846 1573 sunt,
898 1514 1219 1577 quarum,
1264 1502 1495 1560 verum
1528 1496 1603 1558 ut
1633 1494 1877 1574 fatear,
1911 1494 2165 1559 nullam
2196 1496 2800 1579 probare-possum.

656 1611 869 1677 Credo
940 1614 1008 1677 in
1057 1612 1182 1677 hac
1246 1632 1402 1677 voce
1476 1613 1864 1678 adverbium
1926 1613 2131 1678 latere
2195 1616 2394 1696 atque
2456 1614 2807 1695 legendum

655 1749 795 1796 esse
842 1735 1187 1797 aeternum.
2672 1722 2677 1727 ’

748 1850 979 1914 Finem
1026 1850 1389 1915 adnotandi
1436 1849 1602 1915 facio
1634 1850 2090 1915 observatione
2123 1851 2209 1915 ad
2240 1870 2505 1916 versum
2527 1869 2804 1933 sequen-

657 1969 828 2048 tem,
902 1968 968 2032 in
1041 1987 1175 2050 quo
1246 1968 1580 2033 neminem
1638 1968 1925 2034 haesisse
1972 1968 2183 2033 video,
2281 1968 2501 2033 Habet
2547 1954 2803 2047 tamen,

654 2087 834 2170 quod
882 2086 1192 2152 offendat.
1297 2085 1433 2152 Cur
1479 2087 1655 2151 enim
1704 2087 1910 2170 pisces
1955 2084 2148 2169 infidi
2192 2088 2635 2167 nominentur,
2670 2105 2804 2151 non

654 2204 978 2286 intellego,
1078 2204 1441 2269 Lenissima
1497 2205 1865 2270 mutatione
1913 2203 2154 2269 invisos
2200 2204 2619 2298 scribendum
2667 2224 2804 2268 esse

655 2324 834 2405 putu.
911 2322 1007 2387 De
1054 2324 1371 2405 perpetua
1419 2324 1935 2388 commutatione
1982 2323 2325 2388 literarum
2373 2325 2417 2406 f
2460 2324 2525 2389 et
2569 2344 2608 2387 v
2645 2342 2804 2387 cons-

655 2439 903 2505 feratur
949 2440 1416 2506 Drakenborch
1458 2443 1542 2507 ad
1575 2441 1707 2505 Liv.
1747 2438 1914 2505 XXI.
1953 2442 2017 2507 2.
2052 2441 2131 2520 4,
2166 2442 2280 2524 qui
2315 2442 2493 2506 hunc
2518 2460 2805 2505 errorem

657 2577 735 2621 ex
797 2559 1081 2623 barbara
1129 2559 1665 2642 pronuntiatione
1712 2558 1914 2623 verba
1961 2559 2338 2641 praeeuntis
2387 2560 2566 2624 nasci
2602 2560 2808 2624 solere

657 2677 829 2741 recte
871 2677 1143 2760 judicat.
