<?xml version="1.0" encoding="UTF-8"?>
<!DOCTYPE html PUBLIC "-//W3C//DTD XHTML 1.0 Transitional//EN"
    "http://www.w3.org/TR/xhtml1/DTD/xhtml1-transitional.dtd">
<html xmlns="http://www.w3.org/1999/xhtml" xml:lang="en" lang="en">
 <head>
  <title>
</title>
<meta http-equiv="Content-Type" content="text/html;charset=utf-8" />
  <meta name='ocr-system' content='tesseract 3.04.00' />
  <meta name='ocr-capabilities' content='ocr_page ocr_carea ocr_par ocr_line ocrx_word'/>
</head>
<body>
  <div class='ocr_page' id='page_1' title='image "./prolegomenainci00kreugoog_0035.png"; bbox 0 0 3392 5292; ppageno 0'>
   <div class='ocr_carea' id='block_1_1' title="bbox 1599 583 1687 647">
    <p class='ocr_par' dir='ltr' id='par_1_1' title="bbox 1599 583 1687 647">
     <span class='ocr_line' id='line_1_1' title="bbox 1599 583 1687 647; baseline 0.023 -2"><span class='ocrx_word' id='word_1_1' title='bbox 1599 583 1687 647; x_wconf 74' lang='lat'>023</span> 
     </span>
    </p>
   </div>
   <div class='ocr_carea' id='block_1_2' title="bbox 813 794 2493 986">
    <p class='ocr_par' dir='ltr' id='par_1_2' title="bbox 813 794 2493 986">
     <span class='ocr_line' id='line_1_2' title="bbox 813 794 2493 877; baseline 0.005 -24"><span class='ocrx_word' id='word_1_2' title='bbox 813 794 971 866; x_wconf 88' lang='lat' dir='ltr'>Quid</span> <span class='ocrx_word' id='word_1_3' title='bbox 1003 794 1221 854; x_wconf 89' lang='lat' dir='ltr'>mirum</span> <span class='ocrx_word' id='word_1_4' title='bbox 1260 794 1322 854; x_wconf 93' lang='lat' dir='ltr'>in</span> <span class='ocrx_word' id='word_1_5' title='bbox 1363 794 1585 871; x_wconf 88' lang='lat' dir='ltr'>patrios</span> <span class='ocrx_word' id='word_1_6' title='bbox 1627 795 1885 872; x_wconf 82' lang='lat' dir='ltr'>Scyllam</span> <span class='ocrx_word' id='word_1_7' title='bbox 1924 798 2179 859; x_wconf 86' lang='lat' dir='ltr'>saevisse</span> <span class='ocrx_word' id='word_1_8' title='bbox 2222 800 2493 877; x_wconf 91' lang='lat' dir='ltr'>capillos,</span> 
     </span>
     <span class='ocr_line' id='line_1_3' title="bbox 816 897 2299 986; baseline 0.003 -28"><span class='ocrx_word' id='word_1_9' title='bbox 816 897 1197 976; x_wconf 84' lang='lat' dir='ltr'>Candidaque</span> <span class='ocrx_word' id='word_1_10' title='bbox 1238 897 1300 958; x_wconf 93' lang='lat' dir='ltr'>in</span> <span class='ocrx_word' id='word_1_11' title='bbox 1333 913 1548 960; x_wconf 76' lang='lat' dir='ltr'>‘saevos</span> <span class='ocrx_word' id='word_1_12' title='bbox 1591 900 1833 977; x_wconf 84' lang='lat' dir='ltr'>inguina</span> <span class='ocrx_word' id='word_1_13' title='bbox 1872 920 2043 961; x_wconf 87' lang='lat' dir='ltr'>versa</span> <span class='ocrx_word' id='word_1_14' title='bbox 2081 906 2299 986; x_wconf 79' lang='lat' dir='ltr'>canes?</span> 
     </span>
    </p>
   </div>
   <div class='ocr_carea' id='block_1_3' title="bbox 558 1055 2764 1736">
    <p class='ocr_par' dir='ltr' id='par_1_3' title="bbox 608 1055 2764 1365">
     <span class='ocr_line' id='line_1_4' title="bbox 705 1055 2759 1145; baseline 0.004 -24"><span class='ocrx_word' id='word_1_15' title='bbox 705 1056 835 1121; x_wconf 86' lang='lat' dir='ltr'>Sed</span> <span class='ocrx_word' id='word_1_16' title='bbox 903 1055 1187 1121; x_wconf 84' lang='lat' dir='ltr'>maxime</span> <span class='ocrx_word' id='word_1_17' title='bbox 1260 1057 1559 1122; x_wconf 90' lang='lat' dir='ltr'>omnium</span> <span class='ocrx_word' id='word_1_18' title='bbox 1629 1058 1755 1124; x_wconf 89' lang='lat' dir='ltr'>hac</span> <span class='ocrx_word' id='word_1_19' title='bbox 1824 1060 1893 1124; x_wconf 91' lang='lat' dir='ltr'>in</span> <span class='ocrx_word' id='word_1_20' title='bbox 1967 1078 2038 1123; x_wconf 91' lang='lat' dir='ltr'>re</span> <span class='ocrx_word' id='word_1_21' title='bbox 2104 1060 2376 1136; x_wconf 87' lang='lat' dir='ltr'>Ovidius</span> <span class='ocrx_word' id='word_1_22' title='bbox 2427 1066 2759 1145; x_wconf 81' lang='lat' dir='ltr'>peccavit3</span> 
     </span>
     <span class='ocr_line' id='line_1_5' title="bbox 609 1174 2764 1264; baseline 0.004 -26"><span class='ocrx_word' id='word_1_23' title='bbox 609 1175 900 1257; x_wconf 87' lang='lat' dir='ltr'>quinque</span> <span class='ocrx_word' id='word_1_24' title='bbox 947 1174 1121 1238; x_wconf 90' lang='lat' dir='ltr'>enim</span> <span class='ocrx_word' id='word_1_25' title='bbox 1169 1174 1238 1238; x_wconf 94' lang='lat' dir='ltr'>in</span> <span class='ocrx_word' id='word_1_26' title='bbox 1287 1176 1428 1259; x_wconf 85' lang='lat' dir='ltr'>ejus</span> <span class='ocrx_word' id='word_1_27' title='bbox 1476 1177 1877 1242; x_wconf 83' lang='lat' dir='ltr'>carminibus</span> <span class='ocrx_word' id='word_1_28' title='bbox 1924 1177 2049 1243; x_wconf 93' lang='lat' dir='ltr'>loci</span> <span class='ocrx_word' id='word_1_29' title='bbox 2082 1180 2360 1261; x_wconf 83' lang='lat' dir='ltr'>adsunt,</span> <span class='ocrx_word' id='word_1_30' title='bbox 2399 1180 2514 1245; x_wconf 91' lang='lat' dir='ltr'>ubi</span> <span class='ocrx_word' id='word_1_31' title='bbox 2546 1181 2764 1264; x_wconf 83' lang='lat' dir='ltr'>Scylla</span> 
     </span>
     <span class='ocr_line' id='line_1_6' title="bbox 608 1292 2758 1365; baseline 0.004 -8"><span class='ocrx_word' id='word_1_32' title='bbox 608 1292 747 1357; x_wconf 90' lang='lat' dir='ltr'>Nisi</span> <span class='ocrx_word' id='word_1_33' title='bbox 807 1292 944 1357; x_wconf 89' lang='lat' dir='ltr'>filia</span> <span class='ocrx_word' id='word_1_34' title='bbox 1003 1293 1072 1358; x_wconf 92' lang='lat' dir='ltr'>in</span> <span class='ocrx_word' id='word_1_35' title='bbox 1131 1293 1503 1358; x_wconf 90' lang='lat' dir='ltr'>monstrum</span> <span class='ocrx_word' id='word_1_36' title='bbox 1550 1296 1883 1360; x_wconf 84' lang='lat' dir='ltr'>marinum</span> <span class='ocrx_word' id='word_1_37' title='bbox 1930 1298 2191 1362; x_wconf 87' lang='lat' dir='ltr'>mutata-</span> <span class='ocrx_word' id='word_1_38' title='bbox 2238 1316 2379 1362; x_wconf 90' lang='lat' dir='ltr'>esse</span> <span class='ocrx_word' id='word_1_39' title='bbox 2425 1301 2758 1365; x_wconf 82' lang='lat' dir='ltr'>narratur.</span> 
     </span>
    </p>

    <p class='ocr_par' dir='ltr' id='par_1_4' title="bbox 558 1411 2760 1736">
     <span class='ocr_line' id='line_1_7' title="bbox 702 1411 2760 1499; baseline 0.003 -23"><span class='ocrx_word' id='word_1_40' title='bbox 702 1411 849 1476; x_wconf 90' lang='lat' dir='ltr'>Huc</span> <span class='ocrx_word' id='word_1_41' title='bbox 921 1411 1248 1493; x_wconf 86' lang='lat' dir='ltr'>pertinere</span> <span class='ocrx_word' id='word_1_42' title='bbox 1320 1412 1483 1495; x_wconf 88' lang='lat' dir='ltr'>puto</span> <span class='ocrx_word' id='word_1_43' title='bbox 1530 1412 1735 1495; x_wconf 81' lang='lat' dir='ltr'>Epist.</span> <span class='ocrx_word' id='word_1_44' title='bbox 1787 1413 2053 1481; x_wconf 91' lang='lat' dir='ltr'>Heroid.</span> <span class='ocrx_word' id='word_1_45' title='bbox 2104 1416 2428 1481; x_wconf 72' lang='lat' dir='ltr'><strong>X112123</strong></span> <span class='ocrx_word' id='word_1_46' title='bbox 2478 1436 2591 1499; x_wconf 80' lang='lat' dir='ltr'>sq,</span> <span class='ocrx_word' id='word_1_47' title='bbox 2645 1418 2760 1482; x_wconf 90' lang='lat' dir='ltr'>ubi</span> 
     </span>
     <span class='ocr_line' id='line_1_8' title="bbox 607 1526 2757 1617; baseline 0.005 -24"><span class='ocrx_word' id='word_1_48' title='bbox 607 1528 837 1593; x_wconf 83' lang='lat' dir='ltr'>Medea</span> <span class='ocrx_word' id='word_1_49' title='bbox 898 1526 1290 1609; x_wconf 88' lang='lat' dir='ltr'>furibunda,</span> <span class='ocrx_word' id='word_1_50' title='bbox 1343 1529 1524 1611; x_wconf 90' lang='lat' dir='ltr'>quod</span> <span class='ocrx_word' id='word_1_51' title='bbox 1571 1530 1769 1595; x_wconf 91' lang='lat' dir='ltr'>Iason</span> <span class='ocrx_word' id='word_1_52' title='bbox 1816 1550 1886 1595; x_wconf 92' lang='lat' dir='ltr'>se</span> <span class='ocrx_word' id='word_1_53' title='bbox 1936 1533 2335 1614; x_wconf 84' lang='lat' dir='ltr'>repudiavit,</span> <span class='ocrx_word' id='word_1_54' title='bbox 2396 1536 2757 1617; x_wconf 82' lang='lat' dir='ltr'>exclamat:</span> 
     </span>
     <span class='ocr_line' id='line_1_9' title="bbox 558 1646 2753 1736; baseline 0.004 -24"><span class='ocrx_word' id='word_1_55' title='bbox 558 1722 562 1725; x_wconf 44' lang='grc'><strong>,</strong></span> <span class='ocrx_word' id='word_1_56' title='bbox 607 1648 861 1717; x_wconf 85' lang='lat' dir='ltr'>utinam</span> <span class='ocrx_word' id='word_1_57' title='bbox 924 1646 1123 1712; x_wconf 89' lang='lat' dir='ltr'>ambo</span> <span class='ocrx_word' id='word_1_58' title='bbox 1184 1647 1379 1711; x_wconf 90' lang='lat' dir='ltr'>simul</span> <span class='ocrx_word' id='word_1_59' title='bbox 1442 1646 1793 1713; x_wconf 86' lang='lat' dir='ltr'>fuissemus</span> <span class='ocrx_word' id='word_1_60' title='bbox 1841 1649 1977 1713; x_wconf 90' lang='lat' dir='ltr'>elisi</span> <span class='ocrx_word' id='word_1_61' title='bbox 2024 1650 2195 1715; x_wconf 91' lang='lat' dir='ltr'>inter</span> <span class='ocrx_word' id='word_1_62' title='bbox 2244 1651 2753 1736; x_wconf 81' lang='lat' dir='ltr'>Symplegades,</span> 
     </span>
    </p>
   </div>
   <div class='ocr_carea' id='block_1_4' title="bbox 793 1791 2455 1883">
    <p class='ocr_par' dir='ltr' id='par_1_5' title="bbox 793 1791 2455 1883">
     <span class='ocr_line' id='line_1_10' title="bbox 793 1791 2455 1883; baseline 0.003 -18"><span class='ocrx_word' id='word_1_63' title='bbox 793 1791 928 1866; x_wconf 80' lang='lat' dir='ltr'>&#39;Aut</span> <span class='ocrx_word' id='word_1_64' title='bbox 965 1822 1089 1866; x_wconf 60' lang='lat' dir='ltr'>nos‘</span> <span class='ocrx_word' id='word_1_65' title='bbox 1121 1804 1313 1883; x_wconf 85' lang='lat' dir='ltr'>Scylla</span> <span class='ocrx_word' id='word_1_66' title='bbox 1355 1824 1540 1883; x_wconf 84' lang='lat' dir='ltr'>rapax</span> <span class='ocrx_word' id='word_1_67' title='bbox 1579 1805 1823 1866; x_wconf 88' lang='lat' dir='ltr'>canibus</span> <span class='ocrx_word' id='word_1_68' title='bbox 1864 1806 2121 1868; x_wconf 85' lang='lat' dir='ltr'>misisset</span> <span class='ocrx_word' id='word_1_69' title='bbox 2160 1810 2455 1870; x_wconf 83' lang='lat' dir='ltr'>edendos!</span> 
     </span>
    </p>
   </div>
   <div class='ocr_carea' id='block_1_5' title="bbox 609 1956 938 2022">
    <p class='ocr_par' dir='ltr' id='par_1_6' title="bbox 609 1956 938 2022">
     <span class='ocr_line' id='line_1_11' title="bbox 609 1956 938 2022; baseline 0 -1"><span class='ocrx_word' id='word_1_70' title='bbox 609 1957 674 2022; x_wconf 89' lang='lat' dir='ltr'>et</span> <span class='ocrx_word' id='word_1_71' title='bbox 720 1956 938 2022; x_wconf 82' lang='lat' dir='ltr'>addit:</span> 
     </span>
    </p>
   </div>
   <div class='ocr_carea' id='block_1_6' title="bbox 1046 2065 2242 2143">
    <p class='ocr_par' dir='ltr' id='par_1_7' title="bbox 1046 2065 2242 2143">
     <span class='ocr_line' id='line_1_12' title="bbox 1046 2065 2242 2143; baseline 0.002 -18"><span class='ocrx_word' id='word_1_72' title='bbox 1046 2065 1260 2127; x_wconf 88' lang='lat' dir='ltr'>Debuit</span> <span class='ocrx_word' id='word_1_73' title='bbox 1299 2066 1540 2143; x_wconf 82' lang='lat' dir='ltr'>ingratis</span> <span class='ocrx_word' id='word_1_74' title='bbox 1588 2066 1781 2143; x_wconf 85' lang='lat' dir='ltr'>Scylla</span> <span class='ocrx_word' id='word_1_75' title='bbox 1822 2085 2036 2127; x_wconf 90' lang='lat' dir='ltr'>nocere</span> <span class='ocrx_word' id='word_1_76' title='bbox 2075 2067 2212 2127; x_wconf 88' lang='lat' dir='ltr'>viris</span> <span class='ocrx_word' id='word_1_77' title='bbox 2228 2113 2242 2140; x_wconf 91' lang='lat'>,</span> 
     </span>
    </p>
   </div>
   <div class='ocr_carea' id='block_1_7' title="bbox 605 2202 2752 2297">
    <p class='ocr_par' dir='ltr' id='par_1_8' title="bbox 605 2202 2752 2297">
     <span class='ocr_line' id='line_1_13' title="bbox 605 2202 2752 2297; baseline 0.001 -19"><span class='ocrx_word' id='word_1_78' title='bbox 605 2215 838 2291; x_wconf 86' lang='lat' dir='ltr'>verba,</span> <span class='ocrx_word' id='word_1_79' title='bbox 889 2233 1092 2296; x_wconf 88' lang='lat' dir='ltr'>quae,</span> <span class='ocrx_word' id='word_1_80' title='bbox 1148 2215 1223 2279; x_wconf 91' lang='lat' dir='ltr'>ut</span> <span class='ocrx_word' id='word_1_81' title='bbox 1264 2202 1537 2297; x_wconf 84' lang='lat' dir='ltr'>opinor,</span> <span class='ocrx_word' id='word_1_82' title='bbox 1589 2214 1674 2279; x_wconf 91' lang='lat' dir='ltr'>ad</span> <span class='ocrx_word' id='word_1_83' title='bbox 1722 2214 1860 2277; x_wconf 91' lang='lat' dir='ltr'>Nisi</span> <span class='ocrx_word' id='word_1_84' title='bbox 1899 2213 2103 2279; x_wconf 90' lang='lat' dir='ltr'>filiam</span> <span class='ocrx_word' id='word_1_85' title='bbox 2154 2216 2450 2297; x_wconf 88' lang='lat' dir='ltr'>spectare</span> <span class='ocrx_word' id='word_1_86' title='bbox 2489 2216 2752 2283; x_wconf 91' lang='lat' dir='ltr'>debent.</span> 
     </span>
    </p>
   </div>
   <div class='ocr_carea' id='block_1_8' title="bbox 602 2331 2751 2653">
    <p class='ocr_par' dir='ltr' id='par_1_9' title="bbox 602 2331 2751 2653">
     <span class='ocr_line' id='line_1_14' title="bbox 603 2331 2751 2417; baseline 0.002 -20"><span class='ocrx_word' id='word_1_87' title='bbox 603 2333 746 2397; x_wconf 87' lang='lat' dir='ltr'>Hoc</span> <span class='ocrx_word' id='word_1_88' title='bbox 818 2333 993 2397; x_wconf 90' lang='lat' dir='ltr'>enim</span> <span class='ocrx_word' id='word_1_89' title='bbox 1063 2332 1294 2397; x_wconf 87' lang='lat' dir='ltr'>Medea</span> <span class='ocrx_word' id='word_1_90' title='bbox 1362 2333 1537 2398; x_wconf 88' lang='lat' dir='ltr'>vult:</span> <span class='ocrx_word' id='word_1_91' title='bbox 1606 2331 1779 2411; x_wconf 89' lang='lat' dir='ltr'>Quia</span> <span class='ocrx_word' id='word_1_92' title='bbox 1826 2332 2061 2415; x_wconf 81' lang='lat' dir='ltr'>Scylla</span> <span class='ocrx_word' id='word_1_93' title='bbox 2092 2334 2157 2397; x_wconf 90' lang='lat' dir='ltr'>et</span> <span class='ocrx_word' id='word_1_94' title='bbox 2202 2334 2347 2415; x_wconf 88' lang='lat' dir='ltr'>ipsa</span> <span class='ocrx_word' id='word_1_95' title='bbox 2394 2334 2751 2417; x_wconf 88' lang='lat' dir='ltr'>aliquando</span> 
     </span>
     <span class='ocr_line' id='line_1_15' title="bbox 602 2449 2750 2548; baseline 0.001 -33"><span class='ocrx_word' id='word_1_96' title='bbox 602 2450 687 2515; x_wconf 93' lang='lat' dir='ltr'>ab</span> <span class='ocrx_word' id='word_1_97' title='bbox 751 2450 1005 2532; x_wconf 85' lang='lat' dir='ltr'>ingrato</span> <span class='ocrx_word' id='word_1_98' title='bbox 1054 2450 1192 2514; x_wconf 85' lang='lat' dir='ltr'>viro</span> <span class='ocrx_word' id='word_1_99' title='bbox 1244 2451 1307 2532; x_wconf 91' lang='lat' dir='ltr'>(i.</span> <span class='ocrx_word' id='word_1_100' title='bbox 1358 2470 1415 2515; x_wconf 88' lang='lat' dir='ltr'>e.</span> <span class='ocrx_word' id='word_1_101' title='bbox 1464 2449 1708 2533; x_wconf 89' lang='lat' dir='ltr'>Minoe)</span> <span class='ocrx_word' id='word_1_102' title='bbox 1756 2450 2101 2548; x_wconf 83' lang='lat' dir='ltr'>repudiata</span> <span class='ocrx_word' id='word_1_103' title='bbox 2148 2452 2281 2530; x_wconf 86' lang='lat' dir='ltr'>est,</span> <span class='ocrx_word' id='word_1_104' title='bbox 2331 2452 2559 2517; x_wconf 85' lang='lat' dir='ltr'>debuit</span> <span class='ocrx_word' id='word_1_105' title='bbox 2608 2472 2750 2517; x_wconf 89' lang='lat' dir='ltr'>om-</span> 
     </span>
     <span class='ocr_line' id='line_1_16' title="bbox 606 2567 2747 2653; baseline 0.001 -20"><span class='ocrx_word' id='word_1_106' title='bbox 606 2569 801 2634; x_wconf 91' lang='lat' dir='ltr'>nibus</span> <span class='ocrx_word' id='word_1_107' title='bbox 879 2570 1150 2651; x_wconf 85' lang='lat' dir='ltr'>ingratis</span> <span class='ocrx_word' id='word_1_108' title='bbox 1227 2568 1382 2633; x_wconf 86' lang='lat' dir='ltr'>viris</span> <span class='ocrx_word' id='word_1_109' title='bbox 1443 2587 1700 2633; x_wconf 88' lang='lat' dir='ltr'>nocere.</span> <span class='ocrx_word' id='word_1_110' title='bbox 1800 2567 2013 2633; x_wconf 87' lang='lat' dir='ltr'>Ceteri</span> <span class='ocrx_word' id='word_1_111' title='bbox 2076 2569 2235 2646; x_wconf 88' lang='lat' dir='ltr'>loci,</span> <span class='ocrx_word' id='word_1_112' title='bbox 2308 2572 2421 2653; x_wconf 89' lang='lat' dir='ltr'>qui</span> <span class='ocrx_word' id='word_1_113' title='bbox 2489 2570 2747 2636; x_wconf 89' lang='lat' dir='ltr'>nullum</span> 
     </span>
    </p>
   </div>
   <div class='ocr_carea' id='block_1_9' title="bbox 600 2686 2084 2888">
    <p class='ocr_par' dir='ltr' id='par_1_10' title="bbox 600 2686 2084 2888">
     <span class='ocr_line' id='line_1_17' title="bbox 606 2686 2084 2769; baseline -0.003 -17"><span class='ocrx_word' id='word_1_114' title='bbox 606 2687 1000 2752; x_wconf 86' lang='lat' dir='ltr'>dubitationi</span> <span class='ocrx_word' id='word_1_115' title='bbox 1047 2687 1265 2751; x_wconf 91' lang='lat' dir='ltr'>locum</span> <span class='ocrx_word' id='word_1_116' title='bbox 1316 2686 1726 2769; x_wconf 90' lang='lat' dir='ltr'>relinquunt,</span> <span class='ocrx_word' id='word_1_117' title='bbox 1781 2686 1851 2750; x_wconf 93' lang='lat' dir='ltr'>hi</span> <span class='ocrx_word' id='word_1_118' title='bbox 1898 2688 2084 2752; x_wconf 86' lang='lat' dir='ltr'>sunt:</span> 
     </span>
     <span class='ocr_line' id='line_1_18' title="bbox 600 2805 2001 2888; baseline -0.001 -17"><span class='ocrx_word' id='word_1_119' title='bbox 600 2805 726 2871; x_wconf 88' lang='lat' dir='ltr'>Ars</span> <span class='ocrx_word' id='word_1_120' title='bbox 771 2806 988 2871; x_wconf 85' lang='lat' dir='ltr'>Amat.</span> <span class='ocrx_word' id='word_1_121' title='bbox 1041 2806 1071 2869; x_wconf 94' lang='grc' dir='ltr'>Ι</span> <span class='ocrx_word' id='word_1_122' title='bbox 1121 2807 1246 2871; x_wconf 86' lang='grc'>331</span> <span class='ocrx_word' id='word_1_123' title='bbox 1304 2824 1410 2888; x_wconf 86' lang='lat' dir='ltr'>sq:</span> <span class='ocrx_word' id='word_1_124' title='bbox 1990 2815 2001 2821; x_wconf 84' lang='grc'><em>·</em></span> 
     </span>
    </p>
   </div>
   <div class='ocr_carea' id='block_1_10' title="bbox 678 2945 2230 3146">
    <p class='ocr_par' dir='ltr' id='par_1_11' title="bbox 678 2945 2230 3146">
     <span class='ocr_line' id='line_1_19' title="bbox 796 2945 2015 3041; baseline -0.002 -17"><span class='ocrx_word' id='word_1_125' title='bbox 796 2962 943 3024; x_wconf 87' lang='lat' dir='ltr'>Filia</span> <span class='ocrx_word' id='word_1_126' title='bbox 985 2945 1324 3041; x_wconf 83' lang='lat' dir='ltr'>purpureos</span> <span class='ocrx_word' id='word_1_127' title='bbox 1354 2961 1499 3022; x_wconf 94' lang='lat' dir='ltr'>Niso</span> <span class='ocrx_word' id='word_1_128' title='bbox 1540 2962 1734 3023; x_wconf 85' lang='lat' dir='ltr'>furata</span> <span class='ocrx_word' id='word_1_129' title='bbox 1775 2961 2015 3038; x_wconf 85' lang='lat' dir='ltr'>capillos</span> 
     </span>
     <span class='ocr_line' id='line_1_20' title="bbox 678 3066 2230 3146; baseline -0.001 -19"><span class='ocrx_word' id='word_1_130' title='bbox 678 3073 682 3077; x_wconf 83' lang='lat'>&#39;</span> <span class='ocrx_word' id='word_1_131' title='bbox 797 3068 962 3129; x_wconf 92' lang='lat' dir='ltr'>Pube</span> <span class='ocrx_word' id='word_1_132' title='bbox 1005 3067 1220 3146; x_wconf 90' lang='lat' dir='ltr'>premit</span> <span class='ocrx_word' id='word_1_133' title='bbox 1257 3066 1494 3127; x_wconf 88' lang='lat' dir='ltr'>rabidos</span> <span class='ocrx_word' id='word_1_134' title='bbox 1535 3066 1989 3143; x_wconf 84' lang='lat' dir='ltr'>inguinibusque</span> <span class='ocrx_word' id='word_1_135' title='bbox 2030 3086 2230 3140; x_wconf 87' lang='lat' dir='ltr'>canes,</span> 
     </span>
    </p>
   </div>
   <div class='ocr_carea' id='block_1_11' title="bbox 595 3216 2737 3419">
    <p class='ocr_par' dir='ltr' id='par_1_12' title="bbox 595 3216 2737 3419">
     <span class='ocr_line' id='line_1_21' title="bbox 595 3216 2737 3303; baseline 0 -21"><span class='ocrx_word' id='word_1_136' title='bbox 595 3237 761 3300; x_wconf 87' lang='lat' dir='ltr'>quos</span> <span class='ocrx_word' id='word_1_137' title='bbox 817 3235 1042 3282; x_wconf 86' lang='lat' dir='ltr'>versus</span> <span class='ocrx_word' id='word_1_138' title='bbox 1089 3216 1219 3283; x_wconf 91' lang='lat' dir='ltr'>leni</span> <span class='ocrx_word' id='word_1_139' title='bbox 1273 3217 1638 3283; x_wconf 89' lang='lat' dir='ltr'>mutatione</span> <span class='ocrx_word' id='word_1_140' title='bbox 1683 3219 1878 3300; x_wconf 88' lang='lat' dir='ltr'>poeta</span> <span class='ocrx_word' id='word_1_141' title='bbox 1913 3218 2211 3301; x_wconf 86' lang='lat' dir='ltr'>repetivit</span> <span class='ocrx_word' id='word_1_142' title='bbox 2242 3219 2737 3303; x_wconf 60' lang='lat' dir='ltr'>AmorumgLib.</span> 
     </span>
     <span class='ocr_line' id='line_1_22' title="bbox 595 3333 1266 3419; baseline -0.001 -19"><span class='ocrx_word' id='word_1_143' title='bbox 595 3333 680 3400; x_wconf 91' lang='lat' dir='ltr'>III</span> <span class='ocrx_word' id='word_1_144' title='bbox 734 3337 816 3401; x_wconf 77' lang='lat'>12</span> <span class='ocrx_word' id='word_1_145' title='bbox 869 3356 963 3400; x_wconf 87' lang='lat' dir='ltr'>vs.</span> <span class='ocrx_word' id='word_1_146' title='bbox 1015 3337 1096 3400; x_wconf 74' lang='lat'>21</span> <span class='ocrx_word' id='word_1_147' title='bbox 1154 3355 1266 3419; x_wconf 87' lang='lat' dir='ltr'>sq:</span> 
     </span>
    </p>
   </div>
   <div class='ocr_carea' id='block_1_12' title="bbox 593 3475 2577 3964">
    <p class='ocr_par' dir='ltr' id='par_1_13' title="bbox 594 3475 2577 3674">
     <span class='ocr_line' id='line_1_23' title="bbox 796 3475 2577 3555; baseline 0.002 -20"><span class='ocrx_word' id='word_1_148' title='bbox 796 3478 910 3538; x_wconf 90' lang='lat' dir='ltr'>Per</span> <span class='ocrx_word' id='word_1_149' title='bbox 949 3495 1061 3537; x_wconf 92' lang='lat' dir='ltr'>nos</span> <span class='ocrx_word' id='word_1_150' title='bbox 1103 3476 1166 3552; x_wconf 91' lang='lat' dir='ltr'>(i.</span> <span class='ocrx_word' id='word_1_151' title='bbox 1210 3496 1260 3537; x_wconf 89' lang='lat' dir='ltr'>e.</span> <span class='ocrx_word' id='word_1_152' title='bbox 1304 3476 1534 3554; x_wconf 89' lang='lat' dir='ltr'>poetas)</span> <span class='ocrx_word' id='word_1_153' title='bbox 1577 3475 1772 3554; x_wconf 84' lang='lat' dir='ltr'>Scylla</span> <span class='ocrx_word' id='word_1_154' title='bbox 1814 3477 1965 3555; x_wconf 88' lang='lat' dir='ltr'>patri</span> <span class='ocrx_word' id='word_1_155' title='bbox 2012 3496 2193 3538; x_wconf 90' lang='lat' dir='ltr'>canos</span> <span class='ocrx_word' id='word_1_156' title='bbox 2236 3480 2428 3539; x_wconf 84' lang='lat' dir='ltr'>furata</span> <span class='ocrx_word' id='word_1_157' title='bbox 2469 3486 2577 3539; x_wconf 89' lang='lat' dir='ltr'>etc.</span> 
     </span>
     <span class='ocr_line' id='line_1_24' title="bbox 594 3608 1538 3674; baseline -0.002 -2"><span class='ocrx_word' id='word_1_158' title='bbox 594 3608 866 3673; x_wconf 91' lang='lat' dir='ltr'>Remed.</span> <span class='ocrx_word' id='word_1_159' title='bbox 915 3608 1176 3673; x_wconf 90' lang='lat' dir='ltr'>Amoris</span> <span class='ocrx_word' id='word_1_160' title='bbox 1224 3627 1312 3673; x_wconf 87' lang='lat' dir='ltr'>vs.</span> <span class='ocrx_word' id='word_1_161' title='bbox 1369 3609 1407 3674; x_wconf 93' lang='grc'><strong>7</strong></span> <span class='ocrx_word' id='word_1_162' title='bbox 1417 3609 1538 3674; x_wconf 84' lang='lat'>37:</span> 
     </span>
    </p>

    <p class='ocr_par' dir='ltr' id='par_1_14' title="bbox 593 3747 2151 3964">
     <span class='ocr_line' id='line_1_25' title="bbox 794 3747 2151 3826; baseline 0 -18"><span class='ocrx_word' id='word_1_163' title='bbox 794 3747 1118 3809; x_wconf 87' lang='lat' dir='ltr'>Praeterita</span> <span class='ocrx_word' id='word_1_164' title='bbox 1159 3756 1365 3809; x_wconf 86' lang='lat' dir='ltr'>cautus</span> <span class='ocrx_word' id='word_1_165' title='bbox 1406 3748 1460 3809; x_wconf 97' lang='lat' dir='ltr'>N</span> <span class='ocrx_word' id='word_1_166' title='bbox 1463 3748 1645 3809; x_wconf 90' lang='lat' dir='ltr'>iseide</span> <span class='ocrx_word' id='word_1_167' title='bbox 1682 3750 1879 3810; x_wconf 86' lang='lat' dir='ltr'>navita</span> <span class='ocrx_word' id='word_1_168' title='bbox 1920 3750 2151 3826; x_wconf 84' lang='lat' dir='ltr'>gaudet.</span> 
     </span>
     <span class='ocr_line' id='line_1_26' title="bbox 593 3879 1853 3964; baseline 0 -19"><span class='ocrx_word' id='word_1_169' title='bbox 593 3882 658 3945; x_wconf 92' lang='lat' dir='ltr'>et</span> <span class='ocrx_word' id='word_1_170' title='bbox 704 3879 1053 3945; x_wconf 87' lang='lat' dir='ltr'>Fastorum</span> <span class='ocrx_word' id='word_1_171' title='bbox 1099 3880 1238 3946; x_wconf 89' lang='lat' dir='ltr'>Lib.</span> <span class='ocrx_word' id='word_1_172' title='bbox 1291 3880 1378 3944; x_wconf 94' lang='lat' dir='ltr'>IV</span> <span class='ocrx_word' id='word_1_173' title='bbox 1425 3895 1514 3945; x_wconf 89' lang='lat' dir='ltr'>vs.</span> <span class='ocrx_word' id='word_1_174' title='bbox 1568 3881 1705 3945; x_wconf 81' lang='lat'>499</span> <span class='ocrx_word' id='word_1_175' title='bbox 1757 3900 1853 3964; x_wconf 90' lang='lat' dir='ltr'>sq.</span> 
     </span>
    </p>
   </div>
   <div class='ocr_carea' id='block_1_13' title="bbox 789 4019 2628 4307">
    <p class='ocr_par' dir='ltr' id='par_1_15' title="bbox 789 4019 2628 4307">
     <span class='ocr_line' id='line_1_27' title="bbox 791 4019 2628 4101; baseline 0 -21"><span class='ocrx_word' id='word_1_176' title='bbox 791 4019 1008 4097; x_wconf 86' lang='lat' dir='ltr'>Effugit</span> <span class='ocrx_word' id='word_1_177' title='bbox 1045 4019 1351 4095; x_wconf 87' lang='lat' dir='ltr'>(Cererem</span> <span class='ocrx_word' id='word_1_178' title='bbox 1392 4026 1566 4097; x_wconf 88' lang='lat' dir='ltr'>poeta</span> <span class='ocrx_word' id='word_1_179' title='bbox 1608 4019 1747 4081; x_wconf 88' lang='lat' dir='ltr'>dicit</span> <span class='ocrx_word' id='word_1_180' title='bbox 1787 4020 2207 4099; x_wconf 89' lang='lat' dir='ltr'>Persephonen</span> <span class='ocrx_word' id='word_1_181' title='bbox 2248 4028 2628 4101; x_wconf 88' lang='lat' dir='ltr'>quaerentem</span> 
     </span>
     <span class='ocr_line' id='line_1_28' title="bbox 789 4122 2283 4204; baseline 0.003 -20"><span class='ocrx_word' id='word_1_182' title='bbox 789 4123 1005 4200; x_wconf 85' lang='lat' dir='ltr'>Effugit</span> <span class='ocrx_word' id='word_1_183' title='bbox 1046 4129 1104 4183; x_wconf 90' lang='lat' dir='ltr'>et</span> <span class='ocrx_word' id='word_1_184' title='bbox 1145 4122 1344 4201; x_wconf 84' lang='lat' dir='ltr'>Syrtes</span> <span class='ocrx_word' id='word_1_185' title='bbox 1378 4130 1437 4185; x_wconf 88' lang='lat' dir='ltr'>et</span> <span class='ocrx_word' id='word_1_186' title='bbox 1476 4131 1560 4198; x_wconf 87' lang='lat' dir='ltr'>te,</span> <span class='ocrx_word' id='word_1_187' title='bbox 1605 4124 1893 4187; x_wconf 85' lang='lat' dir='ltr'>Zanclaea</span> <span class='ocrx_word' id='word_1_188' title='bbox 1932 4125 2283 4204; x_wconf 82' lang='lat' dir='ltr'>CharybdiS,</span> 
     </span>
     <span class='ocr_line' id='line_1_29' title="bbox 791 4218 2215 4307; baseline 0.001 -19"><span class='ocrx_word' id='word_1_189' title='bbox 791 4228 865 4288; x_wconf 82' lang='lat' dir='ltr'>Et</span> <span class='ocrx_word' id='word_1_190' title='bbox 904 4247 1035 4303; x_wconf 83' lang='lat' dir='ltr'>VOS,</span> <span class='ocrx_word' id='word_1_191' title='bbox 1077 4228 1306 4303; x_wconf 89' lang='lat' dir='ltr'>Nisaei‚</span> <span class='ocrx_word' id='word_1_192' title='bbox 1349 4218 1634 4307; x_wconf 78' lang='lat' dir='ltr'>naufraga</span> <span class='ocrx_word' id='word_1_193' title='bbox 1674 4238 1971 4305; x_wconf 88' lang='lat' dir='ltr'>monstra,</span> <span class='ocrx_word' id='word_1_194' title='bbox 2021 4252 2215 4293; x_wconf 80' lang='lat' dir='ltr'>caneS.</span> 
     </span>
    </p>
   </div>
  </div>
 </body>
</html>
