3392 5292
1678 566 1766 630 60

647 784 934 869 jectione
983 801 1018 847 o
1066 781 1381 846 terdecies
1426 780 1637 846 utitur
1687 777 1890 864 (153,
1948 781 2110 856 195,
2168 780 2338 861 199,
2393 782 2567 861 202,
2628 780 2796 857 224,

652 904 823 981 278,
925 900 1101 977 286,
1175 901 1351 978 287,
1427 899 1598 974 295,
1684 898 1858 977 314,
1932 897 2112 973 404,
2187 898 2369 978 410,
2447 898 2615 983 424)
2684 899 2804 964 heu

649 1022 851 1088 octies
907 1020 1026 1104 (νε.
1078 1020 1202 1098 81,
1254 1018 1371 1095 82,
1432 1018 1561 1082 132
1593 1015 1671 1102 ¹),
1729 1016 1896 1094 161,
1955 1016 2125 1096 190,
2179 1016 2350 1093 264,
2407 1018 2579 1098 360,
2632 1014 2802 1099 469)

648 1161 765 1225 aye
834 1141 900 1204 et
969 1159 1012 1203 a
1074 1137 1177 1202 bis
1223 1136 1344 1222 (vs.
1395 1137 1518 1212 98,
1575 1135 1714 1200 234
1765 1136 1829 1200 et
1874 1154 1965 1199 vs.
2027 1136 2192 1212 185,
2251 1136 2438 1217 228),
2490 1136 2556 1200 et
2603 1137 2804 1201 semel

649 1258 751 1325 hei
795 1277 887 1322 νε.
942 1257 1115 1337 237,
1164 1257 1227 1321 io
1274 1275 1364 1320 νε.
1418 1256 1589 1334 257,
1644 1275 1779 1321 eece
1825 1274 1913 1320 νε.
1970 1255 2128 1319 500.

742 1376 1291 1459 Metonymiarum
1352 1392 1511 1439 usus
1560 1373 1758 1438 nullis
1804 1373 1937 1438 fere
1983 1372 2228 1438 finibus
2276 1373 2806 1456 circumscriptus

650 1496 782 1572 est3
858 1493 936 1558 cf.
989 1513 1080 1558 vs.
1136 1494 1174 1557 3
1225 1512 1393 1557 aura
1440 1511 1560 1574 pro
1608 1490 1800 1570 odor,
1852 1511 1944 1556 νε.
1998 1492 2086 1556 26
2137 1510 2366 1557 currus
2412 1512 2533 1574 pro
2580 1495 2801 1573 navis,

650 1632 744 1677 νε.
818 1613 901 1678 41
975 1612 1222 1695 payina
1291 1629 1411 1694 pro
1460 1629 1617 1692 opus
1644 1659 1660 1689 ,
1714 1628 1806 1674 νε.
1865 1609 1949 1674 41
2013 1630 2190 1675 senes
2236 1610 2449 1675 saecla
2494 1631 2615 1694 pro
2662 1632 2809 1677 sera

651 1730 895 1810 saecla,
950 1749 1043 1795 νε.
1097 1730 1185 1794 50
1234 1734 1395 1795 tecta
1442 1749 1562 1812 pro
1610 1728 1868 1807 domus,
1921 1748 2012 1793 vs.
2055 1728 2140 1793 62
2176 1729 2520 1795 Maeoniae
2552 1730 2810 1795 chartae

653 1868 773 1933 pro
825 1850 1115 1915 earmina
1158 1849 1504 1914 Homerica
1523 1898 1537 1927 ,
1585 1866 1679 1912 νε.
1726 1847 1814 1910 88
1875 1841 2061 1912 docta
2083 1867 2375 1930 papyrus
2407 1867 2526 1929 pro
2560 1847 2810 1913 doctum
2909 1909 2916 1915 .

653 1989 838 2051 opu3,
914 1988 1007 2031 νε.
1087 1968 1217 2032 108
1286 1965 1583 2051 Cyllenia
1644 1986 1982 2031 murmura
2027 1984 2147 2047 pro
2197 1964 2347 2049 lyra
2393 1987 2437 2031 a
2481 1967 2810 2032 Mercurio

652 2088 929 2165 inventa,
982 2106 1074 2151 vs.
1132 2088 1261 2151 110
1312 2106 1497 2151 arma
1544 2086 1610 2150 et
1657 2105 1749 2150 νε.
1808 2084 1936 2149 118
1986 2084 2182 2150 Mars
2229 2105 2350 2168 pro
2399 2084 2661 2163 belhem,
2714 2105 2806 2150 νε.

661 2207 785 2271 131
842 2206 1243 2288 sepulchrum
1290 2224 1408 2288 pro
1448 2203 1771 2287 perditor,
1809 2223 1900 2267 νε.
1930 2204 2066 2268 215
2099 2204 2360 2270 umbrae
2391 2224 2512 2287 pro
2537 2225 2686 2284 uox,
2716 2224 2803 2270 νε.

656 2325 792 2390 229
840 2324 1141 2390 Bacchus
1188 2344 1309 2407 pro
1356 2323 1605 2399 viuum,
1661 2342 1750 2386 vs.
1793 2324 1927 2388 230
1967 2321 2214 2389 Cereris
2243 2323 2414 2404 fetus
2445 2342 2566 2406 pro
2582 2324 2808 2406 pauiS,

655 2461 741 2507 νε.
799 2442 934 2506 269
984 2442 1183 2508 honor
1228 2443 1461 2525 sceptri
1506 2462 1627 2525 pro
1675 2462 1974 2525 reyuum,
2022 2463 2111 2508 VS.
2151 2444 2285 2507 287
2322 2448 2549 2508 nostra
2567 2448 2814 2509 senecta

656 2580 778 2643 pro
828 2581 934 2644 eqo
982 2582 1184 2639 anu-3,
1237 2581 1330 2626 νε.
1385 2561 1518 2626 396
1554 2561 1621 2625 et
1650 2561 1787 2627 417
1824 2560 1993 2626 luces
2020 2582 2140 2645 pro
2171 2560 2306 2627 dies
2333 2563 2399 2627 et
2423 2562 2633 2626 multa
2659 2558 2804 2628 alia.

751 2680 1168 2764 Anadiplosis
1217 2700 1414 2763 porro
1464 2681 1579 2745 aut
1628 2680 2009 2763 anaphorae
2041 2700 2161 2762 pro
2194 2700 2505 2745 versuum
2536 2700 2812 2745 numero

657 2799 955 2881 exempla
1029 2800 1356 2882 permulta
1426 2799 1872 2864 inveniuntur.
1971 2799 2055 2863 Iis
2101 2818 2220 2881 per
2265 2799 2557 2881 singulos
2604 2818 2813 2881 paene

654 2935 883 2981 versus
947 2918 1143 2999 poeta
1201 2918 1443 2993 utitur,
1495 2917 1816 3000 imprimis
1865 2916 2221 2999 particulas
2269 2918 2371 2982 vel
2419 2918 2814 3000 pronomina

658 3034 1020 3117 duplicans
1118 3035 1535 3118 Anadiplosis
1608 3034 1932 3118 exempla,
1997 3054 2169 3117 quae
2217 3036 2284 3100 in
2335 3034 2464 3101 Ciri
2515 3037 2809 3115 exstant,

656 3151 820 3216 haec
890 3154 1079 3216 sunt:
1156 3156 1244 3217 νε.
1324 3153 1405 3217 12
1457 3162 1549 3235 sq.
1606 3154 1981 3235 mirificum,
2037 3174 2130 3220 νε.
2185 3155 2271 3219 27
2321 3174 2419 3238 sq.
2471 3153 2664 3234 felia,
2713 3174 2804 3220 νε.

659 3270 745 3333 52
800 3288 895 3353 sq.
943 3289 1101 3352 pre,
1153 3289 1247 3335 νε.
1308 3271 1437 3335 130
1488 3290 1583 3354 sq.
1621 3271 1869 3354 Scylla,
1909 3292 2000 3337 νε.
2044 3273 2166 3337 161
2207 3272 2504 3349 nimium,
2544 3292 2638 3337 νε.
2681 3274 2809 3338 196

656 3409 849 3471 quae,
904 3407 995 3453 νε.
1054 3388 1183 3451 198
1236 3407 1328 3469 sq.
1382 3408 1515 3467 ‘vo-5⁵,
1571 3389 1706 3454 237
1757 3387 1897 3469 ille,
1950 3410 2038 3455 νε.
2076 3391 2208 3454 262
2245 3409 2341 3473 sq.
2376 3389 2506 3466 nil,
2545 3411 2633 3453 νε.
2677 3392 2803 3455 291

657 3511 818 3586 tam,
874 3526 968 3571 νε.
1020 3506 1153 3570 295
1204 3525 1299 3588 sq.
1352 3511 1439 3585 te,
1495 3528 1583 3571 νε.
1641 3507 1774 3572 313
1828 3528 1922 3589 sq.
1974 3513 2141 3586 tene,
2199 3528 2286 3572 νε.
2333 3510 2464 3573 335
2499 3529 2639 3592 sqq.
2679 3515 2814 3575 tum

652 3626 898 3707 potrus,
968 3644 1057 3691 νε.
1117 3626 1247 3690 372
1300 3644 1413 3713 sq,
1449 3631 1543 3691 ter
1590 3626 1853 3709 despue,
1909 3647 1996 3691 νε.
2051 3627 2185 3691 402
2239 3647 2335 3711 sq.
2387 3627 2663 3707 humina,
2705 3625 2809 3693 νε.

656 3743 791 3808 407
866 3763 959 3825 sq.
1004 3763 1145 3824 vos,
1198 3744 1336 3809 428
1384 3765 1483 3828 sq.
1534 3750 1670 3811 tene
1719 3766 1861 3831 eqo,
1914 3766 2006 3811 νε.
2059 3746 2194 3811 443
2245 3767 2338 3831 sq.
2394 3768 2569 3814 mene
2614 3748 2806 3824 iuter,

660 3881 753 3926 νε.
806 3861 936 3926 471
994 3881 1091 3944 sq.
1140 3863 1306 3929 hirae,

732 4136 769 4194 ¹)
809 4128 929 4183 Hoc
966 4087 1123 4185 vermi
1157 4132 1250 4185 heu
1285 4148 1381 4201 pro
1416 4149 1444 4185 o
1480 4131 1763 4205 legendum
1805 4150 1920 4187 esse
1951 4139 2094 4187 rect-e
2135 4133 2268 4187 vidit
2304 4132 2536 4205 Maehly,
2573 4134 2638 4187 ef.
2675 4132 2813 4187 infra

658 4224 786 4299 Cap.
823 4224 923 4282 IV.
