3392 5292
1596 607 1681 671 69

570 811 805 885 Μέγαρα
848 814 939 867 διὰ
979 819 1080 885 τῆς
1108 812 1285 871 Νίσου
1320 820 1624 889 θυγατρός,
1651 820 1991 893 ἐρασθεισης
2017 821 2194 877 αὐτοῦ
2220 822 2306 879 καὶ
2338 828 2728 901 ἀποτεμούσης

571 938 672 1005 τῆς
718 932 963 1005 κεφαλῆς
1014 936 1119 987 τοῦ
1174 938 1392 1006 πατρὸς
1433 939 1527 991 τὸν
1567 941 1846 1009 μόρσιμον
1888 941 2160 1009 πλόκαμον
2199 941 2285 997 καὶ
2331 944 2518 1007 οὕτως
2558 947 2725 1002 αὐτὸν

570 1052 915 1126 προδούσης,
984 1055 1288 1125 ἐννοηθείς,
1358 1060 1441 1119 ὡς
1494 1061 1528 1131 ἡ
1583 1060 1797 1131 πατέρα
1846 1062 2142 1133 προδοῦσα
2192 1063 2424 1125 οὐδενὸς
2477 1064 2540 1118 ἄν
2593 1084 2724 1119 ποτε

567 1177 764 1249 ῥᾷστα
806 1170 939 1243 (ποτ’
967 1176 1165 1246 ἐρῶσα
1178 1174 1219 1243 Ρ)
1252 1175 1526 1248 φείσαιτο,
1556 1179 1888 1251 προσδήσας
1917 1178 2086 1254 αὐτὴν
2113 1182 2356 1257 πηδαλίῳ
2377 1186 2516 1244 νεὼς
2544 1180 2724 1238 εἴασεν

568 1294 775 1368 (αὐτὴν)
836 1294 1204 1366 ἐπισύρεσθαι
1256 1301 1333 1371 τῇ
1369 1298 1647 1373 θαλάσσῃ,
1709 1292 1833 1353 ὅθεν
1889 1299 2207 1372 Σαρωνικὸς
2248 1300 2413 1365 οὗτος
2454 1308 2484 1357 ὁ
2527 1306 2725 1365 πόντος

566 1415 795 1489 ἐκλήθη,
829 1414 915 1469 ὅτι
952 1415 1037 1478 εἰς
1080 1418 1271 1489 ὄρνεον
1309 1421 1343 1491 ἡ
1385 1421 1524 1490 κόρη
1562 1419 1892 1493 μετεβλήθη.

656 1521 1079 1605 Quamquam
1127 1521 1318 1587 valde
1366 1524 1726 1589 dolendum
1769 1528 1900 1605 est,
1941 1526 2122 1608 quod
2156 1524 2355 1589 verba
2385 1523 2722 1590 Parthenii

564 1640 768 1723 ipsius
837 1640 1131 1706 conferre
1205 1642 1589 1725 nequimUS,
1667 1644 1890 1708 tamen
1953 1644 2095 1727 jam
2141 1644 2245 1708 his
2294 1662 2371 1707 ex
2421 1642 2721 1726 epitomis

564 1759 741 1837 luce,
815 1760 889 1823 ut
935 1759 1160 1841 ajunt,
1213 1760 1450 1825 clarius
1499 1762 1802 1843 apparet,
1857 1761 2289 1826 Parthenium
2336 1781 2471 1826 non
2522 1761 2719 1826 modo

564 1878 843 1942 eandem
916 1877 1209 1942 fabulam
1282 1879 1623 1956 tractasse,
1704 1880 1819 1943 sed
1884 1880 2080 1945 etiam
2129 1880 2196 1944 in
2245 1879 2519 1943 summis
2567 1899 2719 1944 cum

562 1997 760 2080 poeta
825 1996 1052 2061 nostro
1117 1996 1315 2078 plane
1363 2016 1739 2079 congruere.
1843 1998 2090 2063 Omnia·
2133 1999 2337 2077 enim,
2393 2016 2564 2081 quae
2611 1997 2718 2062 hic

565 2115 939 2195 narrantur,
992 2115 1409 2196 reperiuntur
1438 2116 1507 2180 in
1541 2115 1705 2195 Ciri‚
1744 2119 2016 2199 excepta
2048 2116 2159 2181 illa
2190 2115 2487 2181 Saronici
2519 2115 2718 2180 maris

562 2234 989 2315 originatione
1038 2247 1145 2301 ἀπὸ
1185 2248 1289 2299 τοῦ
1318 2244 1611 2317 σύρεσθαι.

655 2351 996 2417 Sententia
1082 2352 1255 2417 illius
1338 2368 1617 2437 μόρσιμον
1677 2365 1982 2433 πλόκαμον,
2070 2354 2248 2437 quod
2319 2355 2387 2422 in
2457 2355 2717 2419 scholiis

562 2473 801 2545 exstat,
858 2471 1180 2553 reperitur
1226 2472 1294 2535 in
1344 2470 1477 2536 Ciri
1528 2490 1615 2535 vs.
1678 2472 2080 2537 123—125:

722 2634 728 2641 ’
760 2635 942 2697 Cuius
984 2626 1091 2711 (sc.
1136 2634 1339 2711 crinis)
1382 2655 1563 2713 quam
1606 2642 1835 2697 servata
1877 2636 1976 2697 diu
2017 2642 2227 2697 natura
2268 2638 2500 2711 fuisset,

762 2740 913 2800 Tam
956 2740 1203 2817 patriam
1247 2739 1605 2800 incolumem
1646 2739 1775 2800 Nisi
1816 2760 2181 2817 regnumque
2223 2742 2486 2803 futurum

760 2845 1099 2906 Concordes
1142 2844 1335 2905 stabili
1376 2845 1680 2905 firmarant
1721 2844 1963 2905 numine
2003 2845 2244 2907 Parcae.

558 3001 623 3066 et
671 3021 757 3065 vs,
819 3001 979 3066 131:

760 3152 954 3231 Scylla
970 3197 984 3226 ,
1028 3151 1211 3231 patris
1252 3152 1452 3212 miseri
1494 3152 1833 3230 patriaeque
1873 3154 2108 3214 inventa
2149 3155 2548 3231 sepulchrum.

649 3309 870 3375 Mirari
940 3328 1073 3374 non
1144 3307 1329 3390 licet,
1406 3311 1587 3392 quod
1648 3310 2031 3376 scholiastes
2079 3311 2346 3395 maj0ris
2393 3313 2709 3376 momenti

558 3426 743 3492 duxit
814 3428 1072 3492 tradere
1146 3426 1269 3492 hoc
1340 3428 1409 3492 in
1458 3428 1694 3511 capillo
1743 3428 1996 3511 patriae
2046 3428 2323 3493 salutem
2374 3429 2709 3511 patrisque

557 3546 760 3611 vitam
823 3546 1107 3629 positam
1152 3545 1351 3611 fuisse
1398 3565 1601 3629 quam
1648 3547 1830 3629 quod
1879 3548 2074 3611 crinis
2121 3545 2405 3611 colorem
2454 3566 2706 3630 purpu-

557 3681 743 3727 reum
792 3665 1359 3729 commemoraret.
1456 3664 1653 3743 Quod
1701 3665 1826 3729 hoc
1877 3667 1940 3729 et
1973 3666 2302 3748 permulta
2335 3665 2500 3745 alia,
2535 3686 2707 3749 quae

554 3782 624 3846 in
690 3780 824 3845 Ciri
897 3782 1285 3863 traduntur,
1336 3783 1592 3848 silentio
1642 3784 1748 3848 hic
1796 3784 2148 3866 praeterita
2197 3787 2382 3860 sunt,
2439 3804 2518 3849 ex
2567 3788 2704 3869 epi-

557 3900 764 3963 tomes
835 3900 1055 3965 indole
1125 3902 1586 3984 explicandum
1656 3922 1796 3967 esse
1866 3922 2100 3968 censeo
2163 3922 2379 3986 neque
2449 3904 2698 3980 obstat,

556 4018 909 4099 quominus
977 4018 1371 4084 Parthenius
1441 4020 1520 4085 iis
1592 4040 1858 4104 quoque
1927 4022 1994 4086 in
2070 4022 2268 4087 rebus
2339 4040 2491 4085 cum
2539 4022 2704 4087 Ciris

556 4137 825 4202 auctore
873 4138 1241 4203 consentire
1289 4139 1593 4221 potuerit.

650 4255 780 4321 Sed
858 4257 1161 4340 apertum
1231 4277 1367 4323 non
1425 4259 1554 4338 est,
1607 4278 1808 4343 quem
1853 4258 2284 4326 Parthenium
2330 4260 2704 4343 intellegere
