3392 5292
1659 593 1746 656 90

832 810 1031 885 Longe
1071 808 1183 868 alia
1223 807 1530 886 perhibent
1574 812 1862 866 mutatam
1903 805 2173 863 membra
2219 804 2404 881 figura

834 908 1166 987 Scyllaeum
1207 915 1475 969 monstra
1516 926 1729 969 saxum
1767 907 2044 969 insectata
2080 908 2314 992 vocari.⁴

701 1111 814 1179 (Vs.
856 1112 924 1165 54
961 1114 1093 1165 Cum
1131 1109 1311 1181 plures
1345 1108 1419 1176 Ο,
1457 1126 1580 1163 corr.
1619 1106 1734 1162 edd.
1765 1112 1872 1162 ant.
1919 1106 1930 1179 Ι
1976 1106 2070 1162 illa
2105 1107 2154 1162 A
2191 1108 2249 1164 H
2284 1109 2338 1163 Β
2373 1109 2520 1164 illam
2560 1114 2614 1164 et
2649 1109 2698 1163 L
2737 1115 2763 1171 ΙΙ

630 1226 707 1263 νε.
747 1208 811 1261 55
852 1208 1032 1261 amant
1066 1204 1115 1261 L
1154 1210 1180 1268 ΙΙ
1220 1222 1297 1259 vs.
1335 1205 1401 1258 56
1440 1203 1596 1258 aliam
1631 1233 1703 1245 —
1739 1202 1963 1274 figuram
1999 1205 2050 1258 A
2086 1202 2143 1258 H
2174 1205 2228 1259 Β
2275 1204 2285 1278 Ι
2335 1204 2622 1277 prohibent
2647 1204 2700 1259 R
2746 1208 2754 1275 Ι

634 1305 840 1358 mutata
892 1302 950 1357 in
1004 1303 1052 1355 A
1108 1300 1163 1355 Η
1205 1301 1259 1355 Β
1297 1306 1323 1363 ΙΙ
1364 1318 1438 1354 νει.
1482 1298 1549 1358 57
1587 1302 1825 1354 monstra
1860 1300 1916 1354 in
1953 1316 2142 1355 saxum
2180 1299 2228 1355 L
2263 1298 2502 1356 monstra
2536 1318 2782 1355 saxosum

630 1398 707 1463 (in
762 1416 888 1453 saxa
936 1404 984 1461 a)
1036 1398 1085 1451 A
1122 1413 1249 1451 saxo
1288 1398 1526 1450 monstra
1560 1394 1614 1450 Β
1661 1395 1671 1466 Ι
1719 1394 1978 1451 insectata
2013 1397 2061 1451 A
2097 1395 2154 1451 H
2190 1395 2244 1451 Β
2280 1399 2534 1452 contenta
2557 1395 2616 1451 .L
2653 1413 2786 1451 con-

592 1494 595 1497 ’
632 1512 786 1549 versa
820 1512 852 1548 a
915 1494 925 1565 Ι
994 1492 1170 1547 vocari
1207 1491 1261 1545 H
1298 1491 1347 1545 L
1382 1508 1427 1553 a,
1465 1491 1651 1546 vocavi
1688 1493 1738 1546 A
1777 1492 1864 1555 Β.)

722 1693 1081 1759 Lenissima
1151 1692 1516 1757 mutatione
1589 1710 1781 1756 versu
1853 1691 2143 1756 seeundo
2207 1692 2422 1757 inanis
2486 1691 2785 1773 repetitio

629 1812 805 1877 vocis
867 1832 1083 1877 verum
1154 1810 1379 1876 evitari
1427 1809 1645 1893 potest
1692 1809 2079 1875 scribendo:
2134 1814 2312 1875 amat
2355 1809 2789 1893 Polyhymnia

632 1950 871 1997 curam.

725 2049 1002 2112 Versum
1069 2045 1377 2111 ultimum
1431 2046 2000 2129 corruptissimum
2047 2046 2227 2129 quod
2275 2065 2484 2128 paene
2531 2046 2787 2110 sanavit

634 2168 779 2231 laus
826 2165 1103 2230 debetur
1157 2165 1449 2248 Hauptio
1472 2214 1487 2245 ‚
1536 2166 1814 2247 legenti:
1865 2164 2225 2249 Scyllaeum
2249 2169 2529 2230 monstro
2555 2184 2786 2229 saxum

633 2285 971 2367 infestasse
1017 2284 1265 2364 voraci,
1316 2285 1430 2350 sed
1457 2283 1854 2350 vocabulum
1876 2288 2158 2349 monstro
2184 2284 2603 2348 vehementer
2626 2283 2787 2366 mihi

634 2401 950 2484 displicet.
1044 2403 1306 2467 Mallem
1376 2403 1693 2485 scriptum
1765 2404 1932 2467 esset
1997 2408 2237 2481 rosto-0,
2285 2403 2464 2485 quod
2512 2402 2698 2466 facile
2745 2421 2786 2466 a

632 2520 859 2584 scribis
906 2519 1186 2585 librariis
1233 2521 1301 2584 in
1349 2525 1628 2587 monstro
1673 2522 2006 2604 corrumpi
2053 2522 2302 2604 potuit,
2337 2522 2494 2604 quia
2525 2520 2786 2603 saepius

632 2643 938 2704 mostrum
985 2658 1104 2722 pro
1152 2643 1506 2705 monstrum
1556 2640 1986 2706 scribebatur.
2086 2638 2401 2705 Confusio
2449 2640 2788 2705 literarum

632 2776 671 2819 r
718 2757 783 2822 et
826 2777 891 2821 m
940 2776 1018 2821 eo
1069 2757 1373 2839 explicari
1420 2759 1666 2841 potest,
1722 2760 1901 2842 quod
1949 2758 2346 2823 vocabulum
2394 2757 2788 2824 antecedens

635 2874 814 2940 cadit
861 2876 928 2940 in
975 2876 1233 2941 literam
1280 2896 1363 2942 m.

1477 3102 1581 3165 Vs.
1636 3100 1930 3166 62—65.

836 3312 955 3373 Sed
995 3331 1193 3389 neque
1227 3313 1529 3375 Maeoniae
1562 3314 1864 3393 patiuntur
1905 3318 2142 3378 credere
2185 3320 2423 3380 chartae

836 3417 960 3477 Neo
1002 3418 1193 3478 malus
1235 3418 1485 3479 istorum
1524 3420 1716 3480 dubiis
1761 3421 2058 3481 erroribus
2100 3428 2323 3483 auctor.

834 3522 1107 3600 Namque
1151 3522 1295 3583 alias
1340 3523 1437 3584 alii
1478 3524 1651 3601 vulgo
1691 3525 1914 3586 finxere
1954 3528 2178 3604 puellas
2193 3573 2208 3600 ‚
2329 3517 2333 3521 ’

837 3629 1003 3701 Quae
1046 3628 1485 3708 Colophoniaco
1522 3628 1752 3706 Scyllae
1793 3630 2061 3691 dicantur
2100 3630 2380 3693 Homero.

705 3831 822 3897 (vs.
876 3830 945 3886 62
998 3833 1144 3886 oarte
1196 3831 1245 3884 A
1304 3829 1362 3885 H
1414 3839 1440 3897 ΙΙ
1494 3850 1571 3887 vs.
1608 3832 1678 3886 64
1712 3830 1904 3904 Nanqz
1946 3831 1993 3886 L
2039 3832 2050 3904 Ι
2097 3830 2247 3901 fulgo
2281 3831 2478 3921 anl
2523 3832 2535 3905 Ι
2584 3832 2782 3903 fingere

634 3925 692 3981 H
731 3935 759 3994 ΙΙ
796 3944 872 3982 vs.
910 3927 977 3981 65
1016 3926 1271 3982 dicuntur
1305 3928 1353 3981 A
1392 3926 1485 3997 Β.)

728 4127 801 4191 In
854 4144 1042 4190 versu
1078 4126 1165 4190 63
1200 4126 1695 4209 interpretando
1729 4128 1842 4192 diu
1872 4129 2261 4211 interpretes
2293 4130 2778 4195 aestuaverunt.

636 4245 893 4329 Maehly
941 4244 1399 4329 conjucturam
1446 4245 1850 4327 Hertzbergii
1888 4264 2089 4329 vayus
2121 4264 2241 4329 pro
2272 4244 2482 4311 malus
2511 4244 2783 4327 legentis
