<?xml version="1.0" encoding="UTF-8"?>
<!DOCTYPE html PUBLIC "-//W3C//DTD XHTML 1.0 Transitional//EN"
    "http://www.w3.org/TR/xhtml1/DTD/xhtml1-transitional.dtd">
<html xmlns="http://www.w3.org/1999/xhtml" xml:lang="en" lang="en">
 <head>
  <title>
</title>
<meta http-equiv="Content-Type" content="text/html;charset=utf-8" />
  <meta name='ocr-system' content='tesseract 3.04.00' />
  <meta name='ocr-capabilities' content='ocr_page ocr_carea ocr_par ocr_line ocrx_word'/>
</head>
<body>
  <div class='ocr_page' id='page_1' title='image "./prolegomenainci00kreugoog_0080.png"; bbox 0 0 3392 5292; ppageno 0'>
   <div class='ocr_carea' id='block_1_1' title="bbox 1733 626 1820 687">
    <p class='ocr_par' dir='ltr' id='par_1_1' title="bbox 1733 626 1820 687">
     <span class='ocr_line' id='line_1_1' title="bbox 1733 626 1820 687; baseline 0 0"><span class='ocrx_word' id='word_1_1' title='bbox 1733 626 1820 687; x_wconf 87' lang='grc'>68</span> 
     </span>
    </p>
   </div>
   <div class='ocr_carea' id='block_1_2' title="bbox 699 839 2855 1041">
    <p class='ocr_par' dir='ltr' id='par_1_2' title="bbox 699 839 2855 1041">
     <span class='ocr_line' id='line_1_2' title="bbox 699 839 2855 925; baseline 0 -21"><span class='ocrx_word' id='word_1_2' title='bbox 699 841 920 905; x_wconf 91' lang='lat' dir='ltr'>Naeke</span> <span class='ocrx_word' id='word_1_3' title='bbox 987 841 1254 907; x_wconf 87' lang='lat' dir='ltr'>Dissert.</span> <span class='ocrx_word' id='word_1_4' title='bbox 1331 841 1411 906; x_wconf 89' lang='lat' dir='ltr'>de</span> <span class='ocrx_word' id='word_1_5' title='bbox 1460 840 1704 905; x_wconf 88' lang='lat' dir='ltr'>Hecale</span> <span class='ocrx_word' id='word_1_6' title='bbox 1752 859 1894 922; x_wconf 90' lang='lat' dir='ltr'>cap.</span> <span class='ocrx_word' id='word_1_7' title='bbox 1945 840 2002 904; x_wconf 95' lang='lat' dir='ltr'>II</span> <span class='ocrx_word' id='word_1_8' title='bbox 2052 858 2114 921; x_wconf 91' lang='lat' dir='ltr'>p.</span> <span class='ocrx_word' id='word_1_9' title='bbox 2168 839 2302 904; x_wconf 80' lang='lat'>548</span> <span class='ocrx_word' id='word_1_10' title='bbox 2352 839 2855 925; x_wconf 88' lang='lat' dir='ltr'>judicaverunt)</span> 
     </span>
     <span class='ocr_line' id='line_1_3' title="bbox 699 957 2200 1041; baseline -0.001 -18"><span class='ocrx_word' id='word_1_11' title='bbox 699 960 857 1025; x_wconf 87' lang='lat' dir='ltr'>satis</span> <span class='ocrx_word' id='word_1_12' title='bbox 904 960 1162 1025; x_wconf 86' lang='lat' dir='ltr'>constat</span> <span class='ocrx_word' id='word_1_13' title='bbox 1210 978 1289 1023; x_wconf 86' lang='lat' dir='ltr'>ex</span> <span class='ocrx_word' id='word_1_14' title='bbox 1336 959 1651 1024; x_wconf 80' lang='lat' dir='ltr'><strong>Martialis</strong></span> <span class='ocrx_word' id='word_1_15' title='bbox 1696 957 1913 1041; x_wconf 87' lang='lat' dir='ltr'>Epigr.</span> <span class='ocrx_word' id='word_1_16' title='bbox 1967 958 2028 1023; x_wconf 93' lang='lat' dir='ltr'>X</span> <span class='ocrx_word' id='word_1_17' title='bbox 2048 1007 2065 1039; x_wconf 91' lang='lat'>‚</span> <span class='ocrx_word' id='word_1_18' title='bbox 2117 957 2200 1022; x_wconf 80' lang='lat'>4:</span> 
     </span>
    </p>
   </div>
   <div class='ocr_carea' id='block_1_3' title="bbox 905 1156 2494 1341">
    <p class='ocr_par' dir='ltr' id='par_1_3' title="bbox 905 1156 2494 1341">
     <span class='ocr_line' id='line_1_4' title="bbox 908 1156 2461 1237; baseline -0.001 -19"><span class='ocrx_word' id='word_1_19' title='bbox 908 1158 1023 1231; x_wconf 85' lang='lat' dir='ltr'>Qui</span> <span class='ocrx_word' id='word_1_20' title='bbox 1058 1158 1201 1235; x_wconf 86' lang='lat' dir='ltr'>legis</span> <span class='ocrx_word' id='word_1_21' title='bbox 1241 1156 1586 1237; x_wconf 85' lang='lat' dir='ltr'>Oedipoden</span> <span class='ocrx_word' id='word_1_22' title='bbox 1626 1158 2092 1236; x_wconf 82' lang='lat' dir='ltr'>caligantemque</span> <span class='ocrx_word' id='word_1_23' title='bbox 2133 1157 2430 1235; x_wconf 85' lang='lat' dir='ltr'><strong>Thyesten</strong></span> <span class='ocrx_word' id='word_1_24' title='bbox 2447 1202 2461 1231; x_wconf 91' lang='lat'><strong>,</strong></span> 
     </span>
     <span class='ocr_line' id='line_1_5' title="bbox 905 1261 2494 1341; baseline -0.001 -18"><span class='ocrx_word' id='word_1_25' title='bbox 905 1262 1218 1323; x_wconf 89' lang='lat' dir='ltr'>Colchidas</span> <span class='ocrx_word' id='word_1_26' title='bbox 1259 1269 1316 1323; x_wconf 88' lang='lat' dir='ltr'>et</span> <span class='ocrx_word' id='word_1_27' title='bbox 1358 1261 1580 1341; x_wconf 86' lang='lat' dir='ltr'>Scyllas</span> <span class='ocrx_word' id='word_1_28' title='bbox 1596 1306 1612 1335; x_wconf 89' lang='lat'><strong>,</strong></span> <span class='ocrx_word' id='word_1_29' title='bbox 1668 1262 1810 1341; x_wconf 87' lang='lat' dir='ltr'>quid</span> <span class='ocrx_word' id='word_1_30' title='bbox 1851 1262 1963 1323; x_wconf 88' lang='lat' dir='ltr'>nisi</span> <span class='ocrx_word' id='word_1_31' title='bbox 1999 1268 2267 1322; x_wconf 89' lang='lat' dir='ltr'>monstra</span> <span class='ocrx_word' id='word_1_32' title='bbox 2307 1262 2494 1339; x_wconf 74' lang='lat' dir='ltr'>legis?</span> 
     </span>
    </p>
   </div>
   <div class='ocr_carea' id='block_1_4' title="bbox 906 1470 2494 1655">
    <p class='ocr_par' dir='ltr' id='par_1_4' title="bbox 906 1470 2494 1655">
     <span class='ocr_line' id='line_1_6' title="bbox 906 1470 2494 1549; baseline 0.001 -19"><span class='ocrx_word' id='word_1_33' title='bbox 906 1470 1023 1531; x_wconf 86' lang='lat' dir='ltr'>Sed</span> <span class='ocrx_word' id='word_1_34' title='bbox 1063 1489 1184 1531; x_wconf 91' lang='lat' dir='ltr'>non</span> <span class='ocrx_word' id='word_1_35' title='bbox 1226 1471 1342 1546; x_wconf 86' lang='lat' dir='ltr'>vis,</span> <span class='ocrx_word' id='word_1_36' title='bbox 1382 1472 1681 1532; x_wconf 82' lang='lat' dir='ltr'>Mamurra</span> <span class='ocrx_word' id='word_1_37' title='bbox 1721 1480 1858 1533; x_wconf 88' lang='lat' dir='ltr'>tuos</span> <span class='ocrx_word' id='word_1_38' title='bbox 1901 1491 2257 1549; x_wconf 84' lang='lat' dir='ltr'>cognoscere</span> <span class='ocrx_word' id='word_1_39' title='bbox 2297 1490 2494 1532; x_wconf 91' lang='lat' dir='ltr'>mores</span> 
     </span>
     <span class='ocr_line' id='line_1_7' title="bbox 907 1575 2156 1655; baseline 0.003 -20"><span class='ocrx_word' id='word_1_40' title='bbox 907 1575 1031 1636; x_wconf 89' lang='lat' dir='ltr'>Nec</span> <span class='ocrx_word' id='word_1_41' title='bbox 1073 1583 1130 1636; x_wconf 89' lang='lat' dir='ltr'>te</span> <span class='ocrx_word' id='word_1_42' title='bbox 1169 1576 1343 1637; x_wconf 87' lang='lat' dir='ltr'>scire:</span> <span class='ocrx_word' id='word_1_43' title='bbox 1386 1577 1545 1655; x_wconf 88' lang='lat' dir='ltr'>legas</span> <span class='ocrx_word' id='word_1_44' title='bbox 1583 1578 1754 1639; x_wconf 89' lang='lat' dir='ltr'>Aetia</span> <span class='ocrx_word' id='word_1_45' title='bbox 1797 1578 2156 1639; x_wconf 81' lang='lat' dir='ltr'><strong>Callimachi.</strong></span> 
     </span>
    </p>
   </div>
   <div class='ocr_carea' id='block_1_5' title="bbox 710 1766 2927 4354">
    <p class='ocr_par' dir='ltr' id='par_1_5' title="bbox 710 1766 2927 4354">
     <span class='ocr_line' id='line_1_8' title="bbox 804 1766 2860 1853; baseline -0.003 -18"><span class='ocrx_word' id='word_1_46' title='bbox 804 1767 1009 1853; x_wconf 87' lang='lat' dir='ltr'>Cujus</span> <span class='ocrx_word' id='word_1_47' title='bbox 1060 1770 1151 1834; x_wconf 87' lang='lat' dir='ltr'>rei</span> <span class='ocrx_word' id='word_1_48' title='bbox 1198 1770 1519 1835; x_wconf 87' lang='lat' dir='ltr'>rationem</span> <span class='ocrx_word' id='word_1_49' title='bbox 1568 1770 1820 1834; x_wconf 85' lang='lat' dir='ltr'>habens</span> <span class='ocrx_word' id='word_1_50' title='bbox 1859 1787 2096 1852; x_wconf 88' lang='lat' dir='ltr'>parum</span> <span class='ocrx_word' id='word_1_51' title='bbox 2130 1768 2472 1851; x_wconf 85' lang='lat' dir='ltr'>probabile</span> <span class='ocrx_word' id='word_1_52' title='bbox 2504 1769 2675 1832; x_wconf 89' lang='lat' dir='ltr'>duco</span> <span class='ocrx_word' id='word_1_53' title='bbox 2709 1766 2860 1834; x_wconf 89' lang='lat' dir='ltr'>Cal-</span> 
     </span>
     <span class='ocr_line' id='line_1_9' title="bbox 710 1886 2866 1970; baseline -0.001 -18"><span class='ocrx_word' id='word_1_54' title='bbox 710 1889 1065 1954; x_wconf 88' lang='lat' dir='ltr'>limachum</span> <span class='ocrx_word' id='word_1_55' title='bbox 1097 1887 1432 1970; x_wconf 85' lang='lat' dir='ltr'>exemplar</span> <span class='ocrx_word' id='word_1_56' title='bbox 1464 1887 1786 1952; x_wconf 85' lang='lat' dir='ltr'>Graecum</span> <span class='ocrx_word' id='word_1_57' title='bbox 1810 1887 2274 1969; x_wconf 83' lang='lat' dir='ltr'>composuisse,</span> <span class='ocrx_word' id='word_1_58' title='bbox 2301 1906 2456 1952; x_wconf 90' lang='lat' dir='ltr'>cum</span> <span class='ocrx_word' id='word_1_59' title='bbox 2480 1886 2866 1969; x_wconf 84' lang='lat' dir='ltr'>pracsertim</span> 
     </span>
     <span class='ocr_line' id='line_1_10' title="bbox 712 2000 2864 2090; baseline -0.002 -18"><span class='ocrx_word' id='word_1_60' title='bbox 712 2008 1035 2073; x_wconf 86' lang='lat' dir='ltr'>sententia</span> <span class='ocrx_word' id='word_1_61' title='bbox 1097 2026 1267 2090; x_wconf 87' lang='lat' dir='ltr'>quae</span> <span class='ocrx_word' id='word_1_62' title='bbox 1315 2007 1645 2071; x_wconf 87' lang='lat' dir='ltr'>invenitur</span> <span class='ocrx_word' id='word_1_63' title='bbox 1692 2025 1780 2071; x_wconf 84' lang='lat' dir='ltr'>vs,</span> <span class='ocrx_word' id='word_1_64' title='bbox 1839 2007 1961 2071; x_wconf 89' lang='lat'>351</span> <span class='ocrx_word' id='word_1_65' title='bbox 2020 2006 2430 2090; x_wconf 78' lang='lat' dir='ltr'>(Hesperium</span> <span class='ocrx_word' id='word_1_66' title='bbox 2491 2007 2697 2070; x_wconf 75' lang='lat' dir='ltr'>vitant</span> <span class='ocrx_word' id='word_1_67' title='bbox 2742 2000 2864 2087; x_wconf 86' lang='lat'>-—)</span> 
     </span>
     <span class='ocr_line' id='line_1_11' title="bbox 713 2099 2927 2192; baseline -0.003 -1"><span class='ocrx_word' id='word_1_68' title='bbox 713 2128 965 2192; x_wconf 87' lang='lat' dir='ltr'>auctori</span> <span class='ocrx_word' id='word_1_69' title='bbox 1014 2126 1179 2192; x_wconf 87' lang='lat' dir='ltr'>Ciris</span> <span class='ocrx_word' id='word_1_70' title='bbox 1227 2145 1361 2190; x_wconf 89' lang='lat' dir='ltr'>non</span> <span class='ocrx_word' id='word_1_71' title='bbox 1412 2126 1674 2190; x_wconf 87' lang='lat' dir='ltr'>tantum</span> <span class='ocrx_word' id='word_1_72' title='bbox 1707 2143 1858 2189; x_wconf 89' lang='lat' dir='ltr'>cum</span> <span class='ocrx_word' id='word_1_73' title='bbox 1892 2123 2296 2190; x_wconf 83' lang='lat' dir='ltr'>Callimacho</span> <span class='ocrx_word' id='word_1_74' title='bbox 2327 2125 2443 2190; x_wconf 88' lang='lat' dir='ltr'>sed</span> <span class='ocrx_word' id='word_1_75' title='bbox 2478 2124 2678 2189; x_wconf 85' lang='lat' dir='ltr'>etiam</span> <span class='ocrx_word' id='word_1_76' title='bbox 2714 2142 2864 2187; x_wconf 90' lang='lat' dir='ltr'>cum</span> <span class='ocrx_word' id='word_1_77' title='bbox 2917 2099 2927 2110; x_wconf 43' lang='lat'>⁸</span> 
     </span>
     <span class='ocr_line' id='line_1_12' title="bbox 716 2242 2862 2327; baseline -0.002 -19"><span class='ocrx_word' id='word_1_78' title='bbox 716 2245 859 2309; x_wconf 88' lang='lat' dir='ltr'>aliis</span> <span class='ocrx_word' id='word_1_79' title='bbox 905 2245 1113 2327; x_wconf 84' lang='lat' dir='ltr'>poetis</span> <span class='ocrx_word' id='word_1_80' title='bbox 1160 2244 1528 2308; x_wconf 85' lang='lat' dir='ltr'>communis</span> <span class='ocrx_word' id='word_1_81' title='bbox 1576 2244 1689 2308; x_wconf 84' lang='lat' dir='ltr'>sit:</span> <span class='ocrx_word' id='word_1_82' title='bbox 1748 2242 2009 2309; x_wconf 90' lang='lat' dir='ltr'>Catullo</span> <span class='ocrx_word' id='word_1_83' title='bbox 2053 2244 2162 2309; x_wconf 73' lang='lat'>62.</span> <span class='ocrx_word' id='word_1_84' title='bbox 2202 2244 2310 2323; x_wconf 89' lang='lat'>35,</span> <span class='ocrx_word' id='word_1_85' title='bbox 2348 2242 2598 2309; x_wconf 91' lang='lat' dir='ltr'>Cinnae</span> <span class='ocrx_word' id='word_1_86' title='bbox 2630 2242 2862 2323; x_wconf 85' lang='lat' dir='ltr'>fragm.</span> 
     </span>
     <span class='ocr_line' id='line_1_13' title="bbox 718 2342 2870 2445; baseline -0.001 -19"><span class='ocrx_word' id='word_1_87' title='bbox 718 2362 1038 2445; x_wconf 82' lang='lat' dir='ltr'>Zmyrnae</span> <span class='ocrx_word' id='word_1_88' title='bbox 1059 2410 1074 2441; x_wconf 91' lang='lat'>‚</span> <span class='ocrx_word' id='word_1_89' title='bbox 1112 2362 1150 2425; x_wconf 91' lang='lat'>8</span> <span class='ocrx_word' id='word_1_90' title='bbox 1186 2362 1338 2425; x_wconf 90' lang='lat' dir='ltr'>Luc.</span> <span class='ocrx_word' id='word_1_91' title='bbox 1380 2361 1598 2426; x_wconf 91' lang='lat' dir='ltr'>Muell.</span> <span class='ocrx_word' id='word_1_92' title='bbox 1649 2342 1898 2426; x_wconf 83' lang='lat' dir='ltr'>Contra</span> <span class='ocrx_word' id='word_1_93' title='bbox 1929 2380 2158 2425; x_wconf 84' lang='lat' dir='ltr'>verum</span> <span class='ocrx_word' id='word_1_94' title='bbox 2185 2361 2506 2426; x_wconf 85' lang='lat' dir='ltr'>Graecum</span> <span class='ocrx_word' id='word_1_95' title='bbox 2532 2361 2870 2425; x_wconf 84' lang='lat' dir='ltr'>auctorem</span> 
     </span>
     <span class='ocr_line' id='line_1_14' title="bbox 720 2478 2870 2562; baseline -0.003 -15"><span class='ocrx_word' id='word_1_96' title='bbox 720 2481 873 2547; x_wconf 88' lang='lat' dir='ltr'>Chr.</span> <span class='ocrx_word' id='word_1_97' title='bbox 940 2480 1011 2545; x_wconf 78' lang='lat' dir='ltr'>G.</span> <span class='ocrx_word' id='word_1_98' title='bbox 1067 2479 1293 2561; x_wconf 89' lang='lat' dir='ltr'>Heyne</span> <span class='ocrx_word' id='word_1_99' title='bbox 1344 2479 1543 2562; x_wconf 83' lang='lat' dir='ltr'>(Edit.</span> <span class='ocrx_word' id='word_1_100' title='bbox 1592 2478 1828 2561; x_wconf 86' lang='lat' dir='ltr'>Vergil.</span> <span class='ocrx_word' id='word_1_101' title='bbox 1880 2479 1998 2544; x_wconf 88' lang='lat' dir='ltr'>vol.</span> <span class='ocrx_word' id='word_1_102' title='bbox 2054 2478 2156 2556; x_wconf 90' lang='lat' dir='ltr'>IV,</span> <span class='ocrx_word' id='word_1_103' title='bbox 2211 2498 2358 2562; x_wconf 86' lang='lat' dir='ltr'>pag.</span> <span class='ocrx_word' id='word_1_104' title='bbox 2417 2478 2577 2562; x_wconf 75' lang='lat'>162)</span> <span class='ocrx_word' id='word_1_105' title='bbox 2626 2478 2870 2542; x_wconf 89' lang='lat' dir='ltr'>eruisse</span> 
     </span>
     <span class='ocr_line' id='line_1_15' title="bbox 720 2596 2872 2681; baseline -0.001 -17"><span class='ocrx_word' id='word_1_106' title='bbox 720 2598 882 2664; x_wconf 91' lang='lat' dir='ltr'>mihi</span> <span class='ocrx_word' id='word_1_107' title='bbox 952 2598 1228 2675; x_wconf 87' lang='lat' dir='ltr'>videtur,</span> <span class='ocrx_word' id='word_1_108' title='bbox 1299 2597 1640 2678; x_wconf 86' lang='lat' dir='ltr'>suspicans</span> <span class='ocrx_word' id='word_1_109' title='bbox 1705 2616 1857 2662; x_wconf 89' lang='lat' dir='ltr'>eum</span> <span class='ocrx_word' id='word_1_110' title='bbox 1919 2597 2351 2662; x_wconf 79' lang='lat' dir='ltr'>Parthenium</span> <span class='ocrx_word' id='word_1_111' title='bbox 2399 2597 2631 2677; x_wconf 88' lang='lat' dir='ltr'>fuisse,</span> <span class='ocrx_word' id='word_1_112' title='bbox 2684 2596 2872 2681; x_wconf 87' lang='lat' dir='ltr'>cujus</span> 
     </span>
     <span class='ocr_line' id='line_1_16' title="bbox 718 2714 2868 2798; baseline -0.001 -16"><span class='ocrx_word' id='word_1_113' title='bbox 718 2716 1123 2782; x_wconf 89' lang='lat' dir='ltr'>mentionem</span> <span class='ocrx_word' id='word_1_114' title='bbox 1193 2714 1349 2779; x_wconf 89' lang='lat' dir='ltr'>facit</span> <span class='ocrx_word' id='word_1_115' title='bbox 1419 2715 1802 2780; x_wconf 86' lang='lat' dir='ltr'>Eustathius</span> <span class='ocrx_word' id='word_1_116' title='bbox 1875 2716 1960 2780; x_wconf 89' lang='lat' dir='ltr'>ad</span> <span class='ocrx_word' id='word_1_117' title='bbox 2029 2715 2321 2798; x_wconf 84' lang='lat' dir='ltr'>Dionysii</span> <span class='ocrx_word' id='word_1_118' title='bbox 2393 2716 2644 2798; x_wconf 88' lang='lat' dir='ltr'>Perieg.</span> <span class='ocrx_word' id='word_1_119' title='bbox 2711 2715 2868 2780; x_wconf 73' lang='lat'><strong>420.</strong></span> 
     </span>
     <span class='ocr_line' id='line_1_17' title="bbox 717 2833 2873 2921; baseline 0 -20"><span class='ocrx_word' id='word_1_120' title='bbox 717 2836 816 2900; x_wconf 82' lang='lat' dir='ltr'>Ibi</span> <span class='ocrx_word' id='word_1_121' title='bbox 850 2838 1074 2901; x_wconf 76' lang='lat' dir='ltr'>autem</span> <span class='ocrx_word' id='word_1_122' title='bbox 1105 2835 1268 2899; x_wconf 78' lang='lat' dir='ltr'>haec</span> <span class='ocrx_word' id='word_1_123' title='bbox 1301 2833 1687 2899; x_wconf 66' lang='lat' dir='ltr'>traduntur:</span> <span class='ocrx_word' id='word_1_124' title='bbox 1737 2846 1922 2909; x_wconf 82' lang='grc' dir='ltr'><em>Μίνως</em></span> <span class='ocrx_word' id='word_1_125' title='bbox 1957 2846 2143 2916; x_wconf 80' lang='grc' dir='ltr'><strong><em>λαβὼν</em></strong></span> <span class='ocrx_word' id='word_1_126' title='bbox 2181 2848 2251 2903; x_wconf 84' lang='grc' dir='ltr'>τὰ</span> <span class='ocrx_word' id='word_1_127' title='bbox 2295 2847 2532 2921; x_wconf 76' lang='grc' dir='ltr'><strong><em>Μέγαρα</em></strong></span> <span class='ocrx_word' id='word_1_128' title='bbox 2577 2848 2669 2901; x_wconf 83' lang='grc' dir='ltr'>διὰ</span> <span class='ocrx_word' id='word_1_129' title='bbox 2711 2846 2873 2902; x_wconf 81' lang='grc' dir='ltr'><strong><em>Σκύλ-</em></strong></span> 
     </span>
     <span class='ocr_line' id='line_1_18' title="bbox 720 2964 2869 3043; baseline -0 -21"><span class='ocrx_word' id='word_1_130' title='bbox 720 2967 821 3042; x_wconf 91' lang='grc' dir='ltr'>λης</span> <span class='ocrx_word' id='word_1_131' title='bbox 871 2975 973 3043; x_wconf 84' lang='grc' dir='ltr'>τῆς</span> <span class='ocrx_word' id='word_1_132' title='bbox 1025 2965 1201 3023; x_wconf 83' lang='grc' dir='ltr'><strong><em>Νίσου</em></strong></span> <span class='ocrx_word' id='word_1_133' title='bbox 1252 2968 1539 3039; x_wconf 76' lang='grc' dir='ltr'><strong><em>θυγατρὸς</em></strong></span> <span class='ocrx_word' id='word_1_134' title='bbox 1576 2968 1916 3041; x_wconf 78' lang='grc' dir='ltr'><em>ἐρασθείσης</em></span> <span class='ocrx_word' id='word_1_135' title='bbox 1967 2967 2146 3023; x_wconf 76' lang='grc' dir='ltr'><strong><em>αὐτοῦ</em></strong></span> <span class='ocrx_word' id='word_1_136' title='bbox 2186 2964 2271 3022; x_wconf 79' lang='grc' dir='ltr'>καὶ</span> <span class='ocrx_word' id='word_1_137' title='bbox 2317 2968 2732 3041; x_wconf 81' lang='grc' dir='ltr'><strong><em>ἀποταμούσης</em></strong></span> <span class='ocrx_word' id='word_1_138' title='bbox 2773 2971 2869 3041; x_wconf 83' lang='grc' dir='ltr'>τὴν</span> 
     </span>
     <span class='ocr_line' id='line_1_19' title="bbox 720 3086 2876 3161; baseline 0.002 -25"><span class='ocrx_word' id='word_1_139' title='bbox 720 3087 825 3137; x_wconf 82' lang='grc' dir='ltr'>τοῦ</span> <span class='ocrx_word' id='word_1_140' title='bbox 862 3088 1080 3155; x_wconf 82' lang='grc' dir='ltr'><strong><em>πατρὸς</em></strong></span> <span class='ocrx_word' id='word_1_141' title='bbox 1116 3086 1371 3160; x_wconf 81' lang='grc' dir='ltr'><strong><em>κεφαλήν,</em></strong></span> <span class='ocrx_word' id='word_1_142' title='bbox 1411 3089 1735 3161; x_wconf 81' lang='grc' dir='ltr'><strong><em>ἐνενοήσατο</em></strong></span> <span class='ocrx_word' id='word_1_143' title='bbox 1779 3088 1864 3143; x_wconf 82' lang='grc' dir='ltr'>ὅτι</span> <span class='ocrx_word' id='word_1_144' title='bbox 1891 3091 1925 3161; x_wconf 84' lang='grc' dir='ltr'><strong><em>ἡ</em></strong></span> <span class='ocrx_word' id='word_1_145' title='bbox 1954 3090 2050 3143; x_wconf 82' lang='grc' dir='ltr'>τὸν</span> <span class='ocrx_word' id='word_1_146' title='bbox 2080 3090 2295 3160; x_wconf 81' lang='grc' dir='ltr'><em>πατέρα</em></span> <span class='ocrx_word' id='word_1_147' title='bbox 2320 3090 2617 3160; x_wconf 83' lang='grc' dir='ltr'><strong><em>προδοῦσα</em></strong></span> <span class='ocrx_word' id='word_1_148' title='bbox 2645 3088 2876 3147; x_wconf 82' lang='grc' dir='ltr'><strong><em>οὐδενὸς</em></strong></span> 
     </span>
     <span class='ocr_line' id='line_1_20' title="bbox 724 3204 2874 3283; baseline 0.002 -26"><span class='ocrx_word' id='word_1_149' title='bbox 724 3206 786 3257; x_wconf 82' lang='grc' dir='ltr'>ἂν</span> <span class='ocrx_word' id='word_1_150' title='bbox 838 3204 1055 3278; x_wconf 80' lang='grc' dir='ltr'><em>ῥᾳδίως</em></span> <span class='ocrx_word' id='word_1_151' title='bbox 1104 3207 1383 3278; x_wconf 85' lang='grc' dir='ltr'><strong><em>φείδοιτο,</em></strong></span> <span class='ocrx_word' id='word_1_152' title='bbox 1440 3204 1525 3261; x_wconf 82' lang='grc' dir='ltr'>καὶ</span> <span class='ocrx_word' id='word_1_153' title='bbox 1580 3208 1671 3261; x_wconf 88' lang='grc' dir='ltr'>διὰ</span> <span class='ocrx_word' id='word_1_154' title='bbox 1713 3210 1881 3263; x_wconf 83' lang='grc' dir='ltr'><strong><em>τοῦτο</em></strong></span> <span class='ocrx_word' id='word_1_155' title='bbox 1935 3210 2268 3283; x_wconf 81' lang='grc' dir='ltr'><strong><em>προσδήσας</em></strong></span> <span class='ocrx_word' id='word_1_156' title='bbox 2308 3209 2553 3283; x_wconf 81' lang='grc' dir='ltr'><em>πηδαλίῳ</em></span> <span class='ocrx_word' id='word_1_157' title='bbox 2605 3211 2739 3281; x_wconf 86' lang='grc' dir='ltr'>νηὸς</span> <span class='ocrx_word' id='word_1_158' title='bbox 2780 3211 2874 3281; x_wconf 85' lang='grc' dir='ltr'>τὴν</span> 
     </span>
     <span class='ocr_line' id='line_1_21' title="bbox 723 3294 2874 3402; baseline 0.003 -25"><span class='ocrx_word' id='word_1_159' title='bbox 723 3324 986 3394; x_wconf 82' lang='grc' dir='ltr'><strong><em>προδότιν</em></strong></span> <span class='ocrx_word' id='word_1_160' title='bbox 1039 3321 1125 3379; x_wconf 78' lang='grc' dir='ltr'>καὶ</span> <span class='ocrx_word' id='word_1_161' title='bbox 1178 3328 1546 3397; x_wconf 82' lang='grc' dir='ltr'><strong><em>πατροφόντιν</em></strong></span> <span class='ocrx_word' id='word_1_162' title='bbox 1602 3329 1780 3400; x_wconf 81' lang='grc' dir='ltr'><strong><em>ἀφῆκε</em></strong></span> <span class='ocrx_word' id='word_1_163' title='bbox 1819 3294 2097 3399; x_wconf 78' lang='grc' dir='ltr'><strong><em>σύρεσθαι</em></strong></span> <span class='ocrx_word' id='word_1_164' title='bbox 2139 3330 2230 3383; x_wconf 88' lang='grc' dir='ltr'>διὰ</span> <span class='ocrx_word' id='word_1_165' title='bbox 2271 3329 2565 3402; x_wconf 90' lang='grc' dir='ltr'><strong><em>θαλάοσης·</em></strong></span> <span class='ocrx_word' id='word_1_166' title='bbox 2609 3326 2697 3383; x_wconf 79' lang='grc' dir='ltr'>καὶ</span> <span class='ocrx_word' id='word_1_167' title='bbox 2734 3327 2874 3399; x_wconf 83' lang='grc' dir='ltr'><strong><em>αὐτὴ</em></strong></span> 
     </span>
     <span class='ocr_line' id='line_1_22' title="bbox 725 3444 2883 3520; baseline 0 -21"><span class='ocrx_word' id='word_1_168' title='bbox 725 3444 824 3513; x_wconf 83' lang='grc' dir='ltr'>μὲν</span> <span class='ocrx_word' id='word_1_169' title='bbox 862 3444 945 3507; x_wconf 84' lang='grc' dir='ltr'>εἷς</span> <span class='ocrx_word' id='word_1_170' title='bbox 988 3446 1179 3517; x_wconf 72' lang='grc' dir='ltr'><strong><em>ὄρνεον</em></strong></span> <span class='ocrx_word' id='word_1_171' title='bbox 1221 3446 1552 3520; x_wconf 82' lang='grc' dir='ltr'><em>μετεβλήθη,</em></span> <span class='ocrx_word' id='word_1_172' title='bbox 1594 3448 1675 3509; x_wconf 75' lang='grc' dir='ltr'>ὥς</span> <span class='ocrx_word' id='word_1_173' title='bbox 1703 3467 1841 3520; x_wconf 83' lang='grc' dir='ltr'>φησι</span> <span class='ocrx_word' id='word_1_174' title='bbox 1869 3448 2179 3519; x_wconf 82' lang='grc' dir='ltr'><strong><em>Παρθένιος</em></strong></span> <span class='ocrx_word' id='word_1_175' title='bbox 2209 3452 2239 3503; x_wconf 85' lang='grc' dir='ltr'>ὁ</span> <span class='ocrx_word' id='word_1_176' title='bbox 2267 3450 2370 3511; x_wconf 83' lang='grc' dir='ltr'>τὰς</span> <span class='ocrx_word' id='word_1_177' title='bbox 2397 3449 2883 3520; x_wconf 80' lang='grc' dir='ltr'><strong><em>Μεταμορφώσεις</em></strong></span> 
     </span>
     <span class='ocr_line' id='line_1_23' title="bbox 726 3538 2882 3642; baseline -0.001 -25"><span class='ocrx_word' id='word_1_178' title='bbox 726 3564 947 3635; x_wconf 78' lang='grc' dir='ltr'><strong><em>γράψαι</em></strong></span> <span class='ocrx_word' id='word_1_179' title='bbox 1011 3563 1337 3637; x_wconf 75' lang='grc' dir='ltr'><strong><em>λεγόμενος,</em></strong></span> <span class='ocrx_word' id='word_1_180' title='bbox 1402 3568 1433 3619; x_wconf 85' lang='grc' dir='ltr'><strong><em>ὁ</em></strong></span> <span class='ocrx_word' id='word_1_181' title='bbox 1505 3564 1569 3619; x_wconf 82' lang='grc' dir='ltr'>δὲ</span> <span class='ocrx_word' id='word_1_182' title='bbox 1632 3565 1836 3628; x_wconf 82' lang='grc' dir='ltr'><strong><em>κόλπος</em></strong></span> <span class='ocrx_word' id='word_1_183' title='bbox 1904 3538 2326 3642; x_wconf 58' lang='grc' dir='ltr'><strong>(ΞᾶΪΟΠῘΕΙΠΠ</strong></span> <span class='ocrx_word' id='word_1_184' title='bbox 2388 3556 2606 3620; x_wconf 81' lang='lat' dir='ltr'>Sinum</span> <span class='ocrx_word' id='word_1_185' title='bbox 2671 3549 2882 3638; x_wconf 70' lang='lat' dir='ltr'>dicit),</span> 
     </span>
     <span class='ocr_line' id='line_1_24' title="bbox 726 3671 2883 3759; baseline -0 -24"><span class='ocrx_word' id='word_1_186' title='bbox 726 3679 1322 3755; x_wconf 77' lang='grc' dir='ltr'><strong><em>παρανραμματισθεὶς</em></strong></span> <span class='ocrx_word' id='word_1_187' title='bbox 1383 3682 1521 3759; x_wconf 74' lang='grc' dir='ltr'><strong><em>ἔσχε</em></strong></span> <span class='ocrx_word' id='word_1_188' title='bbox 1570 3686 1667 3757; x_wconf 82' lang='grc' dir='ltr'>τὴν</span> <span class='ocrx_word' id='word_1_189' title='bbox 1723 3684 1926 3758; x_wconf 76' lang='grc' dir='ltr'><strong><em>κλῆσιν,</em></strong></span> <span class='ocrx_word' id='word_1_190' title='bbox 1961 3686 2070 3739; x_wconf 82' lang='grc' dir='ltr'>ἀπὸ</span> <span class='ocrx_word' id='word_1_191' title='bbox 2131 3688 2236 3740; x_wconf 83' lang='grc' dir='ltr'>τοῦ</span> <span class='ocrx_word' id='word_1_192' title='bbox 2289 3682 2584 3756; x_wconf 86' lang='grc' dir='ltr'><strong><em>σύρεσθαι.</em></strong></span> <span class='ocrx_word' id='word_1_193' title='bbox 2681 3671 2883 3735; x_wconf 66' lang='lat' dir='ltr'>Recte</span> 
     </span>
     <span class='ocr_line' id='line_1_25' title="bbox 730 3780 2884 3856; baseline 0.001 -5"><span class='ocrx_word' id='word_1_194' title='bbox 730 3788 1023 3852; x_wconf 87' lang='lat' dir='ltr'>Meineke</span> <span class='ocrx_word' id='word_1_195' title='bbox 1092 3790 1179 3853; x_wconf 91' lang='lat' dir='ltr'>ad</span> <span class='ocrx_word' id='word_1_196' title='bbox 1250 3790 1426 3854; x_wconf 89' lang='lat' dir='ltr'>hunc</span> <span class='ocrx_word' id='word_1_197' title='bbox 1494 3790 1715 3855; x_wconf 91' lang='lat' dir='ltr'>locum</span> <span class='ocrx_word' id='word_1_198' title='bbox 1787 3790 2064 3856; x_wconf 88' lang='lat' dir='ltr'>adnotat</span> <span class='ocrx_word' id='word_1_199' title='bbox 2127 3791 2547 3856; x_wconf 88' lang='lat' dir='ltr'>Eustathium</span> <span class='ocrx_word' id='word_1_200' title='bbox 2628 3780 2698 3854; x_wconf 73' lang='lat' dir='ltr'>i&#39;n</span> <span class='ocrx_word' id='word_1_201' title='bbox 2776 3788 2884 3854; x_wconf 92' lang='lat' dir='ltr'>illo</span> 
     </span>
     <span class='ocr_line' id='line_1_26' title="bbox 732 3908 2885 3995; baseline 0 -25"><span class='ocrx_word' id='word_1_202' title='bbox 732 3917 1122 3990; x_wconf 84' lang='grc' dir='ltr'><strong><em>ἀποτεμούσης</em></strong></span> <span class='ocrx_word' id='word_1_203' title='bbox 1164 3922 1260 3992; x_wconf 81' lang='grc' dir='ltr'>τὴν</span> <span class='ocrx_word' id='word_1_204' title='bbox 1297 3923 1402 3975; x_wconf 81' lang='grc' dir='ltr'>τοῦ</span> <span class='ocrx_word' id='word_1_205' title='bbox 1435 3923 1651 3991; x_wconf 81' lang='grc' dir='ltr'><strong><em>πατρὸς</em></strong></span> <span class='ocrx_word' id='word_1_206' title='bbox 1687 3922 1928 3995; x_wconf 82' lang='grc' dir='ltr'><strong><em>κεφαλὴν</em></strong></span> <span class='ocrx_word' id='word_1_207' title='bbox 1999 3928 2235 3975; x_wconf 79' lang='lat' dir='ltr'>errare.</span> <span class='ocrx_word' id='word_1_208' title='bbox 2335 3908 2634 3973; x_wconf 80' lang='lat' dir='ltr'>Primum</span> <span class='ocrx_word' id='word_1_209' title='bbox 2710 3908 2885 3973; x_wconf 83' lang='lat' dir='ltr'>enim</span> 
     </span>
     <span class='ocr_line' id='line_1_27' title="bbox 735 4023 2885 4112; baseline 0.002 -25"><span class='ocrx_word' id='word_1_210' title='bbox 735 4023 893 4101; x_wconf 91' lang='lat' dir='ltr'>hoc,</span> <span class='ocrx_word' id='word_1_211' title='bbox 946 4024 1023 4088; x_wconf 91' lang='lat' dir='ltr'>ut</span> <span class='ocrx_word' id='word_1_212' title='bbox 1070 4043 1271 4107; x_wconf 89' lang='lat' dir='ltr'>supra</span> <span class='ocrx_word' id='word_1_213' title='bbox 1317 4026 1630 4109; x_wconf 75' lang='lat' dir='ltr'>vidimUS‚</span> <span class='ocrx_word' id='word_1_214' title='bbox 1682 4028 1837 4094; x_wconf 89' lang='lat' dir='ltr'>alibi</span> <span class='ocrx_word' id='word_1_215' title='bbox 1885 4046 2217 4112; x_wconf 87' lang='lat' dir='ltr'>nusquam</span> <span class='ocrx_word' id='word_1_216' title='bbox 2266 4029 2549 4094; x_wconf 89' lang='lat' dir='ltr'>traditur</span> <span class='ocrx_word' id='word_1_217' title='bbox 2597 4028 2662 4092; x_wconf 89' lang='lat' dir='ltr'>et</span> <span class='ocrx_word' id='word_1_218' title='bbox 2695 4046 2885 4110; x_wconf 90' lang='lat' dir='ltr'>prae-</span> 
     </span>
     <span class='ocr_line' id='line_1_28' title="bbox 738 4142 2888 4229; baseline 0.003 -23"><span class='ocrx_word' id='word_1_219' title='bbox 738 4142 917 4207; x_wconf 89' lang='lat' dir='ltr'>terea</span> <span class='ocrx_word' id='word_1_220' title='bbox 985 4146 1307 4225; x_wconf 86' lang='lat' dir='ltr'>repugnat</span> <span class='ocrx_word' id='word_1_221' title='bbox 1378 4145 1489 4223; x_wconf 79' lang='lat' dir='ltr'>iiS‚</span> <span class='ocrx_word' id='word_1_222' title='bbox 1563 4166 1738 4229; x_wconf 87' lang='lat' dir='ltr'>quae</span> <span class='ocrx_word' id='word_1_223' title='bbox 1808 4147 1875 4211; x_wconf 90' lang='lat' dir='ltr'>in</span> <span class='ocrx_word' id='word_1_224' title='bbox 1947 4147 2208 4213; x_wconf 88' lang='lat' dir='ltr'>scholiis</span> <span class='ocrx_word' id='word_1_225' title='bbox 2278 4147 2620 4229; x_wconf 89' lang='lat' dir='ltr'>leguntur:</span> <span class='ocrx_word' id='word_1_226' title='bbox 2701 4162 2783 4221; x_wconf 76' lang='grc' dir='ltr'>ὡς</span> <span class='ocrx_word' id='word_1_227' title='bbox 2825 4158 2888 4213; x_wconf 76' lang='grc' dir='ltr'>δὲ</span> 
     </span>
     <span class='ocr_line' id='line_1_29' title="bbox 739 4271 2891 4354; baseline 0.002 -27"><span class='ocrx_word' id='word_1_228' title='bbox 739 4271 1046 4349; x_wconf 85' lang='grc' dir='ltr'><strong><em>Παρθένιος</em></strong></span> <span class='ocrx_word' id='word_1_229' title='bbox 1086 4275 1141 4327; x_wconf 79' lang='grc' dir='ltr'>ἐν</span> <span class='ocrx_word' id='word_1_230' title='bbox 1186 4276 1313 4335; x_wconf 80' lang='grc' dir='ltr'><strong><em>ταῖς</em></strong></span> <span class='ocrx_word' id='word_1_231' title='bbox 1355 4275 1870 4349; x_wconf 81' lang='grc' dir='ltr'><strong><em>Μεταμορφώσεσιν</em></strong></span> <span class='ocrx_word' id='word_1_232' title='bbox 1911 4280 2074 4352; x_wconf 76' lang='grc' dir='ltr'><strong><em>λέγει,</em></strong></span> <span class='ocrx_word' id='word_1_233' title='bbox 2121 4280 2347 4354; x_wconf 78' lang='grc' dir='ltr'><strong><em>(ἐπειδὴ)</em></strong></span> <span class='ocrx_word' id='word_1_234' title='bbox 2389 4280 2574 4341; x_wconf 86' lang='grc' dir='ltr'><strong><em>Μίνως</em></strong></span> <span class='ocrx_word' id='word_1_235' title='bbox 2612 4280 2794 4350; x_wconf 78' lang='grc' dir='ltr'><strong><em>λαβὼν</em></strong></span> <span class='ocrx_word' id='word_1_236' title='bbox 2821 4280 2891 4333; x_wconf 84' lang='grc' dir='ltr'>τὰ</span> 
     </span>
    </p>
   </div>
  </div>
 </body>
</html>
