3392 5292
1731 582 1818 645 94

702 799 931 883 postea
999 817 1129 862 non
1189 798 1509 863 insertum
1558 798 1669 862 est.
1776 796 2094 879 Opposita
2155 796 2245 860 sic
2295 815 2364 859 se
2413 794 2697 860 habent:
2750 796 2851 859 in-

703 915 1017 981 clarescat
1065 914 1257 994 Ciris,
1313 914 1529 997 Scylla
1575 914 1660 979 sit
1709 933 1844 979 una
1892 914 1974 979 de
2022 913 2264 978 multis.

1493 1193 1498 1198 Ι
1544 1101 1650 1165 Vs.
1708 1098 2006 1164 92—94.

904 1266 1100 1340 Quare
1142 1286 1295 1345 quae
1333 1272 1539 1328 cantus
1581 1264 1886 1327 meditanti
1927 1264 2158 1325 mittere
2201 1270 2394 1325 certos

901 1371 1112 1449 Magna
1152 1371 1297 1433 mihi
1340 1371 1553 1449 cupido
1594 1370 1879 1430 tribuistis
1921 1369 2214 1447 praemia,
2264 1368 2426 1427 divae

906 1474 1165 1537 Pierides
1184 1521 1199 1549 ,
1246 1483 1353 1538 etc.

774 1626 889 1695 (Vs.
924 1627 993 1681 92
1028 1630 1084 1683 et
1119 1644 1255 1699 quae
1289 1626 1337 1682 L
1378 1628 1546 1692 (etiam
1582 1644 1615 1682 a
1649 1630 1707 1682 et
1739 1632 1859 1683 ante
1887 1645 1992 1699 que
2029 1626 2166 1691 add.)
2203 1624 2446 1681 meditati
2471 1624 2519 1680 L
2569 1626 2580 1698 Ι
2623 1628 2771 1681 cetos
2789 1626 2855 1691 A,

704 1738 889 1777 caecos
943 1721 995 1777 R
1040 1738 1197 1778 cocos
1251 1730 1301 1790 (e
1334 1741 1489 1793 supra
1513 1725 1677 1794 prior.
1714 1723 1762 1778 O
1799 1742 1862 1777 m.
1897 1723 1948 1785 2)
1987 1722 2044 1777 H
2078 1723 2248 1779 laetos
2285 1721 2333 1777 L
2369 1730 2395 1788 11
2434 1740 2511 1777 vs.
2550 1722 2618 1776 93
2659 1720 2857 1790 Magna

706 1816 837 1873 mihi
868 1817 981 1873 edd.
1010 1824 1134 1874 ant:
1171 1818 1419 1889 Magnam
1456 1819 1529 1873 hii
1571 1818 1626 1873 H
1664 1819 1919 1889 Magnam
1957 1819 2012 1875 hi
2055 1820 2104 1873 A
2143 1818 2195 1874 R
2234 1818 2432 1889 Magna
2463 1816 2622 1872 nimis
2648 1816 2696 1871 L
2735 1832 2847 1871 a·—

705 1911 912 1985 cupidis
947 1914 1188 1970 tribuisti
1222 1914 1270 1969 L
1308 1932 1339 1969 a
1386 1914 1396 1987 Ι
1446 1914 1597 1970 divae
1633 1917 1806 1987 vulgos
1847 1915 1972 1970 diva
2007 1915 2094 1982 Ο).

798 2064 929 2129 Pro
978 2070 1175 2131 certos
1220 2065 1337 2150 (vs,
1390 2066 1542 2149 92),
1592 2067 1772 2149 quod
1805 2066 2122 2152 editiones
2155 2066 2466 2148 antiquae
2500 2062 2855 2147 praebent,

706 2182 930 2247 malim
979 2188 1283 2265 comptos,
1336 2204 1417 2248 ex
1462 2205 1597 2267 quo
1646 2184 1969 2249 vocabulo
1998 2184 2310 2250 lectiones
2342 2183 2640 2248 codicum
2673 2179 2857 2249 facil-

704 2299 860 2365 lime
895 2300 1170 2365 existere
1203 2302 1564 2383 potuerunt
1594 2304 1774 2367 bunc
1805 2304 1873 2368 in
1898 2304 2197 2368 modum:
2228 2302 2556 2385 comptOS,
2583 2300 2854 2376 comtoS,

706 2402 919 2494 cotOS,
974 2436 1164 2482 cocos
1215 2416 1322 2504 (cf.
1371 2420 1910 2487 Helmstadiensis
1950 2403 2190 2507 csscos).
2264 2420 2526 2486 Scribas
2558 2417 2858 2483 librarios

706 2534 964 2601 literam
1032 2558 1097 2602 m
1167 2558 1284 2621 per
1354 2541 1822 2624 compendium
1869 2541 2151 2605 scribere
2201 2540 2400 2622 atque
2449 2542 2476 2602 t
2523 2538 2589 2602 et
2637 2556 2670 2601 o
2714 2553 2856 2600 sae-

706 2653 970 2738 pissime
1017 2655 1417 2723 confundere
1464 2657 1707 2733 solere,
1760 2678 1955 2724 nemo
2003 2659 2281 2741 ignorat.

797 2773 1003 2839 Versu
1035 2777 1332 2858 sequenti
1358 2776 1671 2843 tribuistis
1697 2779 1955 2843 videtur
1978 2778 2404 2853 mendosum3
2442 2794 2596 2840 nam
2622 2775 2857 2857 poetae

706 2890 1050 2957 meditanti
1074 2895 1366 2959 carmina
1399 2897 1794 2978 componere
1819 2897 2038 2961 Musas
2061 2894 2352 2979 praemia
2369 2894 2511 2977 jam
2535 2892 2857 2990 tribuisse,

706 3025 839 3071 non
891 3010 1235 3075 verisimile
1284 3015 1402 3078 est.
1501 3014 1714 3079 Credo
1763 3015 2113 3097 legendum
2161 3033 2300 3078 esse
2345 3012 2667 3095 posuistis.

1508 3204 1612 3269 Vs,
1673 3207 2056 3272 120-121.

906 3364 1061 3427 Nam
1100 3365 1289 3445 capite
1332 3368 1407 3428 ab
1451 3387 1686 3430 summo
1728 3371 1909 3447 regis,
1951 3370 2223 3431 mirabile
2270 3369 2454 3442 dictu,

910 3468 1173 3531 Candida
1212 3473 1470 3534 caesarie
1510 3474 1800 3536 florebant
1840 3482 2109 3554 tempora
2149 3476 2336 3535 laur0.

780 3616 894 3686 (Vs.
942 3619 1047 3675 120
1084 3621 1149 3676 ab
1190 3623 1237 3677 A
1274 3621 1361 3678 H=
1401 3640 1433 3679 a
1467 3623 1515 3679 L
1552 3623 1603 3679 R.
1646 3628 1672 3687 ΙΙ
1719 3641 1797 3680 vs.
1829 3624 1934 3679 121
1967 3624 2238 3692 c(a)esarie
2274 3626 2323 3679 A
2361 3623 2417 3679 Η
2454 3623 2505 3679 R.
2527 3627 2562 3696 εξ
2599 3622 2859 3679 caesaries

709 3713 757 3769 L
804 3716 815 3786 Ι
870 3715 1190 3775 frendebant
1227 3716 1281 3773 R.
1328 3718 1340 3790 Ι
1386 3718 1538 3776 lauro
1574 3720 1657 3783 Ο).

801 3864 1213 3933 Vocabulum
1284 3867 1467 3934 laturo
1539 3870 1846 3948 vitiosum
1895 3890 2032 3935 esse
2083 3870 2259 3973 Clar.
2305 3870 2639 3937 Baehrens
2688 3871 2863 3936 recte

712 3982 903 4062 vidit,
969 3985 1085 4049 sed
1137 4005 1352 4065 ramo,
1403 3989 1581 4070 quod
1632 4008 1753 4070 pro
1803 4009 1880 4054 eo
1929 3990 2363 4057 substitutum
2412 3990 2646 4068 voluit,
2700 3990 2862 4055 mihi

711 4119 970 4203 parurn¹
1000 4103 1233 4184 placet.
1330 4105 1751 4173 Desideratur
1799 4107 2226 4191 adjectivum,
2281 4110 2461 4193 quod
2509 4128 2663 4174 cum
2709 4127 2858 4173 cae-

710 4218 880 4284 sarie
927 4219 1387 4305 conjungatur.
1487 4224 1697 4290 Credo
1745 4226 2094 4306 legendum
2144 4248 2282 4293 esse
2333 4226 2541 4313 larya.
