3392 5292
1671 638 1762 701 38

966 850 1092 911 Etsi
1132 869 1230 910 me
1269 850 1511 910 assiduo
1558 850 1896 910 confectum
1936 866 2080 908 cura
2118 849 2321 908 dolore

1049 954 1298 1014 Sevocat
1335 974 1372 1013 a
1410 952 1631 1027 doctis',
1675 952 1908 1025 Ortale,
1952 951 2269 1029 virginibus
2287 999 2301 1027 ,

967 1058 1092 1128 Nec
1135 1058 1289 1137 potis
1332 1065 1424 1119 est
1465 1059 1666 1119 dulces
1708 1057 2013 1117 Musarum
2054 1076 2401 1134 expromere
2443 1059 2596 1119 fetus

1048 1164 1213 1224 Mens
1256 1162 1463 1239 animi,
1511 1162 1715 1236 (tantis
1758 1162 2004 1222 fluctuat
2043 1160 2174 1240 ipsa
2213 1161 2417 1222 malis:

855 1274 909 1332 5.
973 1268 1248 1346 Namque
1287 1268 1406 1329 mei
1444 1287 1633 1346 nuper
1673 1268 1933 1328 Lethaeo
1975 1266 2200 1344 gurgite
2242 1266 2439 1326 fratris

1053 1374 1410 1433 Pallidulum
1451 1392 1702 1433 manans
1743 1371 1927 1433 adluit
1964 1372 2125 1432 unda
2163 1372 2375 1450 pedem
2398 1419 2411 1445 ,

975 1478 1156 1538 Troia
1198 1478 1463 1539 Rhoeteo
1507 1497 1684 1555 quem
1727 1478 1929 1537 subter
1966 1476 2135 1537 litore
2169 1477 2340 1537 tellus

1056 1583 1342 1660 Ereptum
1381 1581 1600 1643 nostris
1647 1580 1864 1642 obterit
1902 1601 1975 1641 ex
2016 1581 2262 1656 oculis),

822 1737 911 1796 15.
974 1737 1093 1797 Sed
1133 1743 1331 1797 tamen
1375 1736 1437 1796 in
1477 1736 1654 1797 tantis
1694 1734 2063 1795 maeroribus
2080 1780 2095 1809 ,
2139 1734 2368 1809 Ortale,
2410 1736 2579 1796 mitto

1049 1842 1211 1903 Haec
1251 1862 1531 1921 expressa
1570 1841 1676 1902 tibi
1720 1840 1982 1902 carmina
2025 1840 2328 1901 Battiadae
2345 1886 2359 1913 ,
2405 1860 2528 1918 eqS.

739 2000 1030 2082 Uterque
1106 2001 1283 2064 enim
1361 2002 1593 2066 auctor
1671 2000 1743 2064 in
1814 1999 2097 2082 protasi,
2170 2017 2343 2081 quae
2414 2000 2501 2063 ab
2570 2000 2800 2063 iisdem

645 2116 781 2181 fere
850 2118 1066 2182 verbis
1135 2117 1364 2201 incipit
1435 2115 1544 2204 (cf.
1616 2117 1773 2183 Etsi
1838 2138 1937 2183 me
2004 2117 2313 2182 iactatum
2358 2148 2440 2181 =
2483 2117 2641 2182 Etsi
2706 2137 2803 2183 me

644 2234 1024 2321 confectum)
1043 2282 1060 2310 ,
1141 2236 1354 2301 amico
1425 2254 1658 2301 causas
1732 2235 2035 2318 exponit,
2110 2253 2283 2317 quae
2330 2236 2803 2317 promissorum

529 2380 532 2383 ⁴
644 2354 1014 2420 carminum
1086 2334 1475 2420 confectioni
1546 2353 1942 2433 obstabant,
2008 2355 2073 2420 et
2133 2354 2203 2418 in
2250 2354 2523 2436 apodosi
2572 2355 2803 2421 eodem

645 2472 844 2537 modo
914 2472 1324 2538 conformata
1398 2470 1510 2559 (cf.
1585 2472 1751 2539 Ciris
1820 2493 1895 2537 vs
1966 2473 2007 2537 9
2072 2492 2205 2537 non
2273 2476 2485 2537 tamen
2529 2503 2610 2535 =
2658 2469 2797 2535 Cat.

645 2609 719 2654 vs
773 2592 856 2655 15
903 2591 1016 2657 sed
1063 2587 1304 2678 tamen)
1356 2590 1657 2657 Catullus
1708 2591 1861 2656 dicit
1910 2610 1979 2655 se
2028 2591 2235 2655 nihilo
2267 2590 2477 2655 secius
2510 2590 2804 2655 carmina

642 2710 967 2792 promissa
1019 2711 1313 2787 mittere,
1365 2711 1597 2776 auctor
1646 2711 1870 2775 noster
1916 2728 1987 2773 se
2033 2729 2170 2775 non
2218 2709 2617 2776 omissurum
2665 2728 2804 2773 esse

642 2847 909 2893 carmen
958 2829 1116 2894 olim
1163 2830 1472 2912 coeptum
1519 2828 1862 2894 conficere.
2096 2822 2102 2827 ’

737 2946 808 3011 Si
856 2946 1204 3012 Schwabio
1252 2946 1455 3011 fidem
1501 2946 1861 3022 habemuS‚
1906 2944 2073 3011 Ciris
2105 2964 2295 3010 versu
2331 2946 2373 3011 6
2408 2948 2803 3012 vocabulum

642 3085 836 3147 quae,
901 3065 1082 3147 quod
1145 3065 1453 3131 Puetzius
1500 3067 1652 3149 post
1696 3086 1758 3130 v,
1808 3064 1971 3129 alios
2017 3064 2323 3145 inseruit,
2377 3065 2803 3148 rejiciendum

645 3184 746 3247 est
815 3184 881 3247 et
963 3181 1168 3248 »Ciris
1239 3202 1313 3247 vs
1370 3183 1551 3247 6—9
1601 3181 2013 3266 parenthesis
2060 3182 2319 3247 circulis
2364 3202 2447 3246 ex
2492 3183 2805 3247 orationis

645 3302 957 3366 contextu
1031 3300 1420 3365 excludendi
1488 3300 1673 3381 sunt,
1748 3299 1945 3382 plane
2008 3301 2243 3367 eodem
2306 3300 2505 3365 modo
2552 3319 2686 3383 quo
2735 3302 2803 3365 in

644 3419 788 3484 loco
838 3418 1212 3485 Catulliano
1261 3437 1487 3482 versus
1532 3418 1578 3483 4
1627 3437 1770 3501 sqq.
1821 3418 2243 3501 parenthesin
2276 3417 2621 3484 efficiunt”.
2674 3419 2803 3487 Sed

642 3537 698 3601 is
744 3538 813 3601 in
857 3537 1334 3604 imitationibus
1367 3537 1683 3602 rimandis
1716 3536 1823 3601 hic
1855 3555 1993 3602 non
2024 3538 2245 3602 minus
2276 3538 2551 3602 modum
2582 3556 2804 3603 exces-

641 3654 800 3719 sisse
873 3655 1036 3721 mihi
1106 3656 1402 3735 videtur,
1469 3675 1672 3738 quam
1745 3674 1898 3720 cum
1918 3704 1934 3734 ,
2008 3657 2192 3720 ratus
2261 3654 2428 3721 Ciris
2493 3676 2686 3722 versu
2759 3660 2801 3722 5

640 3774 1075 3839 imitationem
1146 3773 1350 3839 latere
1421 3772 1665 3840 Catulli
1738 3773 2046 3838 carminis
2113 3792 2337 3838 versus
2403 3774 2442 3837 3
2465 3823 2480 3852 ‚
2531 3774 2805 3858 Hauptii

643 3892 1172 3957 emendationem
1199 3892 1652 3975 approbaret:
1738 3892 1911 3957 „Nee
1956 3911 2098 3957 mea
2143 3874 2281 3974 qait
2324 3892 2493 3955 ratio
2539 3891 2805 3974 diynum

647 4009 772 4075 sihi
839 4030 1137 4093 quaerere
1205 4009 1514 4077 carmeffl.
1613 4010 1798 4075 Idem
1852 4010 2144 4092 peccavit
2215 4006 2548 4073 Baehrens
2571 4056 2588 4085 ,
2650 4027 2803 4073 cum

529 4196 535 4202 ,
646 4128 926 4193 eandem
998 4129 1085 4196 ob
1157 4148 1462 4207 causam,
1536 4129 1779 4212 partim
1841 4126 1925 4192 H.
1977 4127 2259 4193 Keilium
2305 4129 2604 4208 secutuS,
2642 4128 2802 4192 scri-

641 4246 862 4313 beret:
970 4248 1170 4313 „Tum
1248 4266 1424 4312 mens
1502 4247 1751 4329 quaerit
1829 4265 1897 4311 eo
1980 4244 2245 4329 diynum
2322 4245 2443 4311 sibi
2512 4264 2803 4327 promere
