3392 5292
1678 625 1766 685 84

646 832 992 896 Praeterea
1040 832 1461 899 conferantur
1509 833 1695 899 Ovid.
1746 836 1896 900 Met.
1949 837 2135 915 VIII,
2201 838 2367 903 151:

911 1054 924 1067 .
970 1053 982 1067 .
1028 1016 1085 1068 et
1125 1028 1161 1068 a
1199 1015 1373 1069 tonso
1413 1017 1502 1069 est
1540 1011 1656 1070 hoc
1696 1030 1916 1071 nomen
1957 1012 2171 1089 adepta
2211 1012 2420 1090 capillo
2438 1057 2454 1085 ,

650 1197 716 1259 et
762 1197 994 1260 auctor
1040 1193 1205 1259 Ciris
1253 1214 1347 1260 vs.
1396 1194 1571 1260 488:

850 1371 1020 1431 Esset
1060 1376 1125 1429 ut
1164 1371 1224 1429 in
1264 1372 1435 1431 terris
1480 1372 1617 1431 facti
1659 1373 1730 1432 de
1772 1373 2010 1432 nomine
2053 1372 2222 1433 Ciris,

742 1557 1045 1637 Longum
1093 1556 1192 1620 est
1238 1554 1431 1639 plura
1480 1576 1866 1623 enumerare
1918 1558 1983 1622 et
2023 1558 2166 1641 ,iam
2214 1558 2376 1623 haec
2410 1577 2529 1622 nos
2565 1558 2802 1623 docent

654 1693 787 1739 non
852 1673 1050 1738 modo
1115 1673 1461 1738 materiam
1510 1673 1774 1740 fabulae
1822 1677 2102 1741 eandem
2159 1696 2326 1753 esse,
2381 1676 2495 1741 sed
2545 1676 2802 1757 singula

654 1812 917 1876 quoque
980 1791 1277 1855 similiter
1338 1810 1477 1857 esse
1532 1790 1864 1858 narrata’'.
1963 1806 2159 1872 θαῦμά
2195 1800 2244 1872 μ’
2291 1804 2427 1879 ἔχει.
2525 1793 2594 1858 Si
2643 1794 2804 1876 quid

653 1912 843 1978 video
899 1931 979 1977 ex
1024 1915 1182 1979 locis
1230 1914 1512 1981 laudatis
1567 1914 1829 1978 tantum
1876 1912 2186 1976 discimus
2238 1913 2593 1994 utrumque
2642 1930 2801 1976 auc-

658 2034 866 2123 torem
937 2031 1112 2097 hisce
1184 2033 1251 2097 in
1324 2030 1519 2098 rebus
1589 2049 1951 2113 congruere
1998 2029 2154 2094 Niso
2205 2029 2400 2094 fuisse
2448 2030 2514 2093 in
2564 2030 2803 2094 vertice

655 2149 965 2231 capillum
1013 2168 1453 2233 purpureum,
1510 2148 1659 2213 urbi
1707 2168 1786 2213 ac
1833 2166 2036 2229 regno
2085 2146 2389 2227 fatalem,
2442 2148 2518 2212 ut
2562 2148 2803 2229 privari

655 2286 858 2347 regno
926 2286 1061 2331 non
1132 2270 1382 2350 posset,
1462 2264 1781 2350 quamdiu
1855 2266 2040 2331 illum
2104 2266 2350 2329 crInem
2415 2264 2691 2329 haberet
2737 2266 2800 2329 et

660 2383 945 2465 Scyllam
1008 2385 1155 2466 post
1223 2383 1870 2449 transformationem
1934 2398 2042 2450 ἀπὸ
2095 2398 2194 2449 νοῦ
2255 2395 2452 2466 κείρειν
2517 2384 2582 2448 h.
2635 2402 2690 2447 e.
2765 2402 2806 2447 a

663 2500 994 2565 tondendo
1058 2500 1237 2566 Cirin
1303 2501 1501 2566 fuisse
1574 2502 1994 2584 appellatam.
2093 2502 2442 2581 Quomodo
2507 2520 2586 2566 ex
2633 2501 2810 2565 hisce

650 2618 793 2701 jam
838 2617 1005 2683 effici
1055 2619 1260 2701 possit
1304 2639 1435 2683 non
1480 2618 1660 2684 modo
1705 2620 2038 2685 materiam
2081 2618 2341 2701 fabulae
2387 2618 2648 2685 eandem
2677 2638 2808 2683 esse

655 2734 767 2800 sed
826 2735 1085 2820 singula
1130 2757 1369 2820 quoque
1418 2736 1713 2802 similiter
1758 2757 1887 2802 esse
1931 2740 2207 2802 narrata
2226 2786 2241 2816 ‚
2293 2756 2428 2801 non
2475 2736 2800 2817 intellego·

658 2852 789 2918 Sed
851 2856 1192 2937 praeterea
1243 2855 1383 2921 tota
1432 2854 1764 2919 conclusio
1805 2855 1998 2937 jacet.
2092 2854 2161 2918 Si
2209 2854 2384 2919 enim
2432 2855 2528 2918 vir
2577 2854 2810 2918 doctus

558 2947 565 2950 ¹
659 2970 858 3035 ambo
928 2972 1088 3037 haec
1158 2975 1466 3056 poemata
1538 2972 1844 3037 accurate
1890 2970 2150 3051 legisset
2196 2992 2273 3037 ac
2321 2973 2806 3054 comparasset,

662 3108 814 3152 eum
868 3108 1003 3153 non
1057 3090 1325 3171 fugisset
1376 3092 1729 3173 utrumque
1777 3092 2114 3155 auctorem
2164 3092 2230 3156 in
2281 3092 2540 3156 duabus
2588 3089 2807 3169 magni

661 3208 969 3291 ponderis
1019 3208 1213 3273 rebus
1262 3228 1529 3291 prorsus
1580 3209 1838 3274 diversa
1888 3210 2164 3274 tradere.

753 3325 1226 3409 Praeterquam
1274 3326 1449 3391 enim
1495 3327 1676 3410 quod
1723 3328 1793 3391 in
1828 3326 1958 3392 Ciri
1993 3327 2078 3391 ad
2109 3325 2448 3391 Parthenii
2481 3325 2813 3408 exemplar

664 3443 879 3526 Scylla
946 3462 981 3506 e
1043 3444 1197 3508 navi
1264 3442 1528 3525 alligata
1576 3465 1694 3527 per
1742 3465 1924 3511 mare
1975 3445 2292 3521 trahitur,
2345 3446 2415 3509 at
2468 3446 2698 3509 contra
2745 3444 2813 3507 in

664 3561 873 3626 Ovidii
922 3563 1298 3627 narratione
1347 3582 1468 3628 sua
1515 3566 1752 3646 sponte
1799 3565 1867 3628 in
1916 3582 2098 3628 mare
2147 3563 2382 3639 insilit,
2419 3581 2571 3626 cum
2604 3562 2816 3626 Minos

664 3700 811 3745 eam
859 3681 1117 3764 navigio
1168 3682 1453 3764 recipere
1501 3683 1738 3758 nollet,
1796 3683 2027 3747 auctor
2076 3680 2241 3746 Ciris
2289 3680 2418 3744 alia
2451 3698 2717 3762 quoque
2746 3678 2815 3742 in

666 3820 737 3863 re
784 3800 869 3864 ab
900 3790 1145 3865 'Ovidio
1185 3800 1514 3865 abhorret.
1588 3802 1683 3866 Ex
1719 3800 1882 3865 Ciris
1916 3799 2208 3863 versibus
2245 3799 2392 3876 187,
2428 3797 2594 3875 414,
2637 3779 2842 3875 21222,v

669 3920 742 3982 ut
813 3936 1014 4001 supra
1080 3919 1222 4002 jam
1293 3919 1609 3996 vidimuS‚
1683 3918 1828 3982 luce
1891 3916 2130 3981 clarius
2193 3916 2470 3998 apparet
2533 3914 2818 3979 Minoem

668 4032 1045 4119 promisisse
1121 4055 1191 4099 se
1239 4035 1524 4118 Scyllam
1572 4035 1990 4100 matrimonio
2039 4034 2164 4098 sibi
2203 4034 2596 4116 juncturum
2645 4032 2830 4107 esse‚'

671 4155 726 4218 si
794 4152 1068 4236 capillus
1132 4153 1428 4218 funestus
1477 4153 1599 4217 sibi
1649 4153 2038 4217 traderetur.
2122 4148 2332 4227 Quam
2379 4150 2573 4233 longe
2629 4150 2820 4215 aliter

675 4271 981 4341 Ovidius!
1083 4270 1251 4336 Cum
1330 4271 1568 4335 misera
1638 4270 1860 4353 puella
1930 4289 2159 4334 amore
2229 4270 2496 4333 incensa
2569 4267 2820 4365 nullam

3326 561 3353 858 p———fl—
