3392 5292
1578 598 1665 663 59

550 809 719 875 Cum
779 810 1028 894 Scylla,
1095 812 1345 877 resecta
1413 813 1617 895 patris
1672 830 1864 877 coma
1911 813 1976 877 et
2025 813 2286 892 Megara
2335 815 2528 896 capta
2551 863 2566 893 ,
2616 834 2696 877 ex

542 928 729 992 navis
775 928 979 993 latere
1026 928 1292 1010 alligata
1338 949 1457 1014 per
1504 948 1686 995 mare
1735 930 2049 1010 trahitur,
2095 950 2230 996 non
2265 932 2480 996 solum
2515 952 2694 997 com-

545 1046 765 1130 plures
828 1048 1012 1113 illam
1074 1049 1406 1132 nymphae
1461 1049 1788 1114 mirantur
1836 1049 1902 1112 in
1952 1049 2145 1133 undis
2197 1050 2310 1131 (νε.
2366 1049 2528 1136 391)
2581 1051 2696 1115 sed

546 1165 743 1230 etiam
791 1166 981 1248 pater
1029 1165 1365 1245 OceanuS,
1416 1154 1708 1231 candida-
1731 1166 1979 1249 Tethys
2014 1165 2136 1251 (νε.
2180 1168 2361 1249 392),
2387 1167 2697 1233 Nereides

546 1282 662 1365 (νε.
697 1282 883 1369 393),
909 1285 1285 1351 Leucothoe
1308 1304 1681 1369 parvusque
1705 1285 2065 1350 Palaemon
2091 1284 2206 1370 (vs.
2241 1286 2398 1369 396)
2427 1286 2491 1350 et
2516 1286 2697 1369 Tyn-

548 1402 815 1467 daridae
866 1400 986 1487 (vs.
1043 1400 1232 1488 399).
1305 1403 1388 1469 Et
1431 1422 1631 1488 quem
1681 1423 1816 1468 non
1850 1404 2195 1470 offendunt
2224 1404 2699 1487 geographicae

548 1521 926 1586 eruditionis
973 1522 1199 1604 copiae
1248 1523 1315 1587 in
1365 1522 1656 1588 carmine
1705 1524 2045 1587 extremo?
2625 1522 2630 1526 ’

638 1640 781 1705 Hoc
854 1641 1077 1705 autem
1142 1641 1479 1707 doctrinae
1534 1641 1966 1706 ostentandae
2015 1641 2308 1706 studium
2356 1641 2423 1704 in
2471 1640 2700 1707 nostro

546 1778 810 1843 quoque
867 1761 1136 1826 auctore
1200 1760 1460 1842 saepius
1527 1778 1798 1825 causam
1859 1758 2275 1824 obscuritatis
2323 1757 2519 1824 fuisse
2536 1808 2552 1838 ‚
2605 1756 2699 1825 fa-

547 1878 665 1942 cile
735 1878 832 1943 est
904 1877 1211 1962 probatu.
1309 1877 1471 1957 Quis
1521 1878 1697 1942 enim
1748 1874 1854 1964 (ut
1902 1874 2017 1942 illa
2065 1877 2262 1942 etiam
2309 1878 2488 1960 apud
2537 1876 2699 1942 alios

548 1996 970 2061 usitatissima
1033 1995 1233 2061 veluti
1296 1994 1632 2078 Cecropius
1679 1994 1973 2061 hortulus
2018 1993 2141 2081 (νε.
2195 1992 2305 2080 3),
2357 1994 2700 2061 Dulichiae

547 2116 719 2179 rates
783 2113 909 2199 (νε.
981 2112 1136 2206 60),
1199 2113 1541 2179 Maeoniae
1604 2112 1862 2179 chartae
1918 2109 2034 2198 (νε.
2092 2111 2243 2196 62),
2293 2113 2700 2179 Pandioniae

546 2231 720 2297 sedes
791 2232 905 2313 (νε.
991 2230 1192 2313 100),
1269 2232 1499 2297 Actaei
1567 2229 1751 2296 colles
1825 2230 1952 2315 (νε.
2036 2229 2222 2314 102),
2290 2230 2700 2297 Rhamnusia

545 2352 665 2434 (νε.
714 2339 907 2434 228),
968 2350 1293 2416 Adrastea
1342 2358 1463 2435 (νε.
1520 2349 1727 2434 239),
1778 2348 2168 2416 Amathusia
2201 2347 2324 2436 (νε.
2362 2347 2533 2435 242)
2568 2350 2699 2415 alia

548 2467 881 2555 omittam)
931 2469 1285 2535 verborum
1333 2468 1728 2533 sententiam
1768 2467 1980 2550 primo
2013 2468 2332 2550 adspectu
2366 2468 2698 2550 percipere

551 2588 798 2669 potest,
850 2606 1003 2652 cum
1050 2606 1141 2651 νε.
1202 2589 1285 2653 15
1334 2586 1668 2671 Sapientia
1711 2589 2025 2670 Quattuor
2058 2587 2341 2669 antiquis
2371 2585 2700 2651 heredibus

549 2705 720 2771 edita
764 2725 1018 2771 consors
1066 2706 1321 2771 dicitur.
1409 2689 1591 2771 Idem
1637 2706 1802 2772 illud
1849 2705 2330 2772 tenebricosum
2379 2703 2702 2786 reperitur

550 2843 641 2889 νε.
708 2826 836 2890 108
893 2824 1010 2890 ubi
1061 2822 1352 2908 Cyllenia
1395 2845 1731 2891 murmura
1777 2844 1898 2908 pro
1945 2824 2087 2907 lyra
2133 2843 2174 2890 a
2223 2822 2545 2888 Mercurio
2593 2824 2697 2887 in-

550 2944 782 3021 venta,
857 2962 949 3009 νε.
1024 2945 1159 3009 200
1234 2944 1347 3009 ubi
1384 2983 1387 2988 -
1407 2943 1665 3027 puellae
1738 2942 2096 3010 Dauliades
2166 2961 2284 3025 pro
2332 2940 2585 3005 Procne
2633 2943 2699 3006 et

549 3059 914 3127 Philomela
961 3062 1377 3128 adhibentur.

644 3179 1067 3263 Quantopere
1114 3182 1323 3247 oratio
1377 3181 1618 3263 ubique
1668 3180 1955 3245 flosculis
1997 3178 2337 3244 rhetoricis
2368 3177 2700 3257 variegata

551 3298 665 3374 sit,
731 3297 959 3381 paucis
1023 3296 1238 3365 verbis
1295 3299 1420 3364 dici
1469 3318 1603 3364 non
1651 3299 1885 3381 potest.
1986 3297 2193 3363 Multo
2241 3296 2448 3377 magis
2495 3314 2700 3379 quam

552 3414 852 3482 Catullus
911 3418 976 3484 ll.
1028 3420 1259 3484 auctor
1307 3417 1471 3483 Ciris
1521 3418 1588 3482 in
1637 3416 2146 3500 parenthesibus
2194 3414 2586 3480 adhibendis
2634 3413 2700 3479 et

551 3536 1111 3619 interjectionibus
1141 3537 1503 3602 inserendis
1535 3537 1810 3601 modum
1835 3536 2126 3600 excessit.
2176 3533 2420 3598 Prioris
2445 3532 2700 3614 generis

552 3653 852 3737 exempla
922 3655 1181 3721 exstant
1249 3655 1425 3719 hisce
1485 3655 1554 3720 in
1601 3654 1934 3720 versibus:
1990 3653 2169 3718 6—8
2193 3700 2208 3731 ‚
2267 3652 2384 3726 13,
2451 3651 2533 3715 19
2582 3668 2694 3733 sq,

555 3772 681 3851 55,
734 3774 1044 3849 71—76,
1100 3774 1183 3839 81
1237 3792 1345 3857 sq,
1403 3772 1571 3869 161,
1628 3774 1797 3851 187,
1857 3772 1987 3836 188
2030 3790 2138 3854 sq,
2195 3769 2322 3833 221
2357 3787 2469 3850 sq,
2523 3768 2692 3844 227,

556 3892 730 3969 228,
806 3893 980 3968 239,
1032 3891 1168 3956 242
1222 3911 1331 3973 sq,
1389 3892 1563 3971 270,
1616 3891 1789 3971 280,
1843 3891 2018 3969 288,
2072 3888 2237 3967 334,
2296 3887 2470 3967 352,
2525 3886 2694 3960 364,

560 4009 731 4088 380,
782 4009 956 4089 405,
1007 4009 1178 4089 410,
1228 4010 1404 4089 486,
1457 4009 1592 4073 524
1641 4028 1780 4093 sqq.

649 4128 1139 4211 Interjectiones
1193 4147 1395 4211 quam
1449 4127 1824 4212 frequenter
1871 4126 2126 4193 mediae
2171 4125 2452 4192 orationi
2498 4124 2700 4189 inter-

557 4247 883 4329 posuerit,
958 4248 1311 4330 unicuique
1380 4226 1619 4313 statim’
1673 4248 1742 4312 in
1806 4247 2030 4313 oculos
2093 4245 2387 4311 incurrit.
2490 4242 2700 4309 Inter-
