3392 5292
1656 612 1744 672 85

632 823 801 886 viam
875 823 1171 902 invenit,
1249 843 1383 906 qua
1452 824 1574 888 sibi
1644 824 1878 889 Minois
1925 844 2218 889 amorem
2264 826 2591 906 conciliet,
2641 828 2784 910 ipsa

630 939 977 1004 consilium
1043 941 1223 1029 capit
1283 942 1475 1006 crinis
1546 943 1888 1025 purpurei,
1953 962 2086 1025 quo
2133 942 2267 1007 fata
2315 944 2528 1026 patria
2577 946 2784 1009 conti—

521 1149 525 1153 .
630 1060 903 1139 nentur,
995 1058 1396 1125 abscidendi.
1500 1060 1715 1139 Quem
1806 1080 1955 1124 cum
2040 1061 2340 1125 reseratis
2419 1064 2624 1144 portis
2699 1064 2784 1127 ad

630 1178 914 1242 Minoem
982 1177 1281 1259 pertulit,
1348 1178 1455 1242 ille
1516 1178 1917 1261 Justissimus
1958 1178 2166 1261 Judex
2209 1178 2484 1261 impium
2533 1178 2785 1244 facinus

630 1297 965 1359 aversatus
1045 1314 1290 1359 munus
1384 1298 1764 1379 porrectum
1861 1296 2092 1361 renuit.
2214 1296 2443 1379 Itaque
2513 1298 2846 1385 pulchre·
2948 1362 2959 1372 ,

633 1414 945 1478 decorum
993 1412 1211 1479 servat
1257 1414 1453 1495 poeta
1482 1460 1499 1489 ‚
1544 1432 1677 1495 quo
1729 1413 1974 1495 ubique
2022 1413 2310 1479 Minoem
2350 1414 2606 1497 justum
2646 1434 2784 1479 esse

632 1531 936 1596 ostendit.

724 1649 904 1713 Haec
966 1650 1139 1732 jam,
1214 1648 1288 1713 ut
1351 1648 1598 1731 opinor,
1672 1648 1830 1712 satis
1896 1648 2134 1739 docent
2190 1649 2362 1714 inter
2435 1651 2786 1734 utramque

635 1767 894 1833 fabulae
945 1766 1405 1831 tractationem
1452 1785 1593 1830 esse
1640 1785 1958 1847 magnum
2006 1767 2375 1832 discrimen.
2474 1770 2788 1835 Attamen

636 1886 1138 1950 admirationem
1202 1904 1339 1949 non
1394 1884 1597 1949 habet
1642 1884 1769 1949 hoc
1818 1884 2082 1948 latuisse
2131 1886 2470 1950 auctorem
2493 1873 2517 1963 ,’
2556 1886 2669 1967 qui
2717 1886 2785 1949 in

636 2004 876 2089 Hygini
949 2001 1189 2067 fabulis
1265 2004 1393 2075 198
1468 2003 1533 2067 et
1605 2002 1740 2066 242
1799 2003 2060 2067 tantum
2109 2002 2334 2083 legerit
2383 2003 2669 2086 Scyllam
2715 2003 2783 2067 in

636 2124 883 2206 piscem
947 2121 1271 2186 mutatam
1336 2139 1475 2185 esse
1541 2120 1607 2185 et
1668 2120 1900 2185 Nisum
1964 2140 2032 2185 se
2080 2122 2300 2204 ipsum
2347 2121 2747 2186 interfecisse
2767 2171 2782 2200 ‚

638 2240 740 2328 (cf.
796 2260 946 2324 pag.
1001 2237 1097 2325 8).
1129 2238 1183 2324 ¹)
1234 2239 1363 2303 Sed
1395 2238 1555 2302 haec
1589 2238 1933 2303 hactenus
1985 2239 2256 2304 Etiamsi
2290 2240 2515 2304 autem
2548 2258 2784 2322 parum

636 2357 979 2443 probabile
1028 2358 1111 2423 sit
1160 2357 1468 2422 Ovidium
1514 2357 1872 2422 Parthenio
1895 2359 2183 2422 'auctore
2219 2377 2412 2422 usum
2447 2377 2616 2437 esse,
2658 2358 2786 2423 hoc

638 2478 862 2543 tamen
912 2495 991 2540 ex
1037 2476 1151 2554 iis,
1202 2484 1372 2558 quae
1421 2475 1757 2557 disputata
1797 2476 1990 2555 sunt,
2026 2474 2239 2557 colligi
2272 2476 2519 2558 potest,
2556 2476 2786 2559 poetas

634 2596 903 2660 Latinos
961 2613 1155 2658 omne
1201 2593 1496 2658 studium
1550 2593 1904 2658 contulisse
1950 2594 2034 2658 ad
2083 2594 2516 2659 Parthenium
2562 2593 2784 2674 legen-

638 2714 798 2777 dum
846 2715 910 2777 et
959 2714 1189 2779 Latine
1239 2712 1755 2778 convertendum
1800 2713 2022 2795 itaque
2073 2732 2149 2777 eo
2199 2712 2611 2777 verisimilius
2645 2730 2786 2776 esse

641 2830 819 2896 Cirin
864 2833 948 2921 ad
988 2832 1196 2915 ‘huJ'us
1244 2830 1477 2914 poetae
1528 2830 1860 2913 exemplar
1906 2831 2338 2913 compositam
2387 2849 2546 2895 esse.

715 3130 752 3193 1)
806 3127 892 3183 Cf.
948 3127 1201 3201 Hyginus
1254 3126 1359 3182 fab.
1409 3126 1540 3181 198:
1576 3124 1748 3179 Nisus
1784 3126 1962 3179 autem
2000 3122 2124 3177 dum
2159 3122 2321 3178 filiam
2357 3123 2697 3196 persequitur
2729 3123 2787 3178 in

646 3242 797 3279 avem
833 3223 1101 3279 haliaeton
1136 3223 1191 3279 id
1230 3225 1313 3277 est
1348 3220 1578 3293 aquilam
1617 3220 1873 3275 marinam
1911 3236 2199 3274 conversus
2233 3224 2342 3286 est,
2375 3217 2558 3292 Scylla
2588 3218 2699 3273 filia
2731 3218 2789 3272 in

639 3319 867 3393 piscem,
906 3319 1057 3375 cirim
1096 3337 1253 3392 quem
1288 3321 1497 3373 vocant.
1588 3400 1591 3404 ³
