3392 5292
1683 575 1771 638 28

649 793 703 856 J.
756 791 1028 873 Maehly,
1051 790 1096 873 ¹)
1135 791 1204 855 L.
1243 789 1558 854 Schwabe
1579 786 1632 875 ²)
1669 788 1734 853 et
1768 787 2139 871 postremus
2172 785 2353 853 Aem.
2390 787 2798 872 Baehrens3).

741 909 899 973 Mihi
945 909 1015 973 in
1066 908 1288 973 animo
1338 908 1479 973 erat
1527 925 1752 971 versus
1799 906 1884 971 ab
1917 905 1995 970 iis
2027 904 2195 969 Viris
2227 904 2449 970 Doctis
2480 903 2802 969 indicatos

648 1046 852 1111 quam
898 1026 1384 1093 accuratissime
1433 1026 1732 1107 colligere
1781 1024 1844 1089 et
1887 1023 2029 1107 jam
2077 1042 2349 1106 operam
2406 1042 2802 1088 navaveram

650 1144 728 1209 iis
775 1145 1068 1228 undique
1117 1143 1608 1226 comparandiS,
1649 1160 1802 1207 cum
1835 1140 2214 1223 nuperrime
2246 1141 2434 1206 Aem.
2470 1140 2803 1206 Baehrens

651 1264 720 1327 in
781 1263 914 1328 fine
973 1261 1326 1327 voluminis
1387 1261 1446 1326 II
1493 1260 1642 1325 libri
1690 1260 1829 1324 sui:
1889 1258 2171 1324 „Poetae
2218 1258 2435 1325 Latini
2484 1257 2803 1324 Minores”

653 1380 945 1462 inscripti
1030 1379 1270 1444 harum
1355 1377 1800 1443 imitationum
1871 1377 2155 1443 indicem
2227 1377 2484 1462 adjecit.
2582 1377 2803 1456 Quare

652 1499 833 1582 quod
896 1498 1095 1589 editio
1144 1497 1647 1575 Teubneriana‚
1697 1496 1805 1562 cui
1854 1496 2201 1561 consilium
2250 1497 2347 1561 est
2395 1496 2559 1560 haec
2608 1515 2803 1561 accu-

652 1617 858 1683 ratius
907 1616 1282 1681 examinare
1301 1665 1317 1695 ,
1367 1615 1557 1681 facile
1605 1615 1818 1694 adest,
1870 1634 2007 1681 non
2049 1632 2314 1682 necesse
2345 1614 2551 1693 habui
2576 1632 2804 1679 omnes

653 1736 774 1800 hos
821 1735 1000 1799 locos
1049 1734 1436 1799 exscribere.

735 1848 1161 1936 Quantopere
1208 1855 1405 1935 poeta
1453 1853 1576 1918 hac
1625 1854 1693 1917 in
1728 1871 1797 1916 re
1830 1852 2104 1916 modum
2138 1850 2507 1927 transierit,
2545 1848 2801 1913 unicui-

654 1989 781 2053 que
845 1970 1067 2036 statim
1129 1971 1198 2036 in
1261 1972 1487 2037 oculos
1543 1970 1852 2050 incurrit,
1906 1988 2058 2034 cum
2106 1969 2281 2034 videt
2329 1966 2802 2033 Baehrensium
2892 2042 2895 2047 Ι

653 2088 823 2152 inter
871 2090 1264 2171 quingentos
1312 2089 1751 2172 quadraginta
1797 2107 2007 2152 unum
2040 2106 2264 2151 versus
2287 2138 2302 2163 ,
2337 2106 2504 2169 quos
2538 2104 2801 2150 carmen

655 2206 982 2287 continet,
1049 2205 1198 2289 plus
1263 2226 1466 2289 quam
1529 2207 1795 2271 centum
1856 2205 2295 2288 quadraginta
2357 2205 2613 2269 horum·
2646 2220 2802 2285 poe-

654 2322 873 2388 tarum
919 2323 1353 2389 imitationem
1399 2324 1768 2389 redolentes
1816 2323 2222 2389 indicavisse.

745 2440 822 2504 In
869 2440 970 2504 his
1017 2441 1282 2523 quidem
1330 2441 1633 2506 nonnulli
1681 2444 1839 2508 sunt
1886 2442 2045 2521 loci,
2096 2442 2165 2506 in
2212 2440 2454 2525 quibu-s
2490 2438 2803 2504 imitatio-

654 2576 806 2621 nem
863 2576 1213 2639 agnoscere
1262 2578 1396 2624 non
1443 2579 1750 2641 possum,
1801 2560 1917 2624 sed
1964 2578 2193 2623 rursus
2240 2557 2594 2624 nonnullos
2642 2556 2804 2621 alios

653 2676 757 2740 his
804 2676 1145 2741 addendos
1195 2696 1335 2742 esse
1383 2697 1638 2743 censeo.
1739 2678 1934 2756 Quod
1982 2679 2067 2743 ad
2117 2677 2282 2743 Ciris
2330 2696 2419 2742 vs,
2484 2678 2651 2741 1025:
2714 2692 2717 2695 ’
2794 2704 2797 2707 ·

854 2809 1192 2871 Concordes
1234 2810 1426 2872 stabili
1467 2800 1778 2873 firmarunt
1817 2811 2059 2873 numine
2100 2812 2351 2885 Parcae,

653 2932 898 2997 mentio
965 2953 1100 2999 non
1171 2936 1248 3001 fit
1317 2936 1439 3001 loci
1488 2937 1632 3021 jam
1686 2958 1727 3002 a
1774 2938 2141 3003 Schradero
2189 2938 2491 3013 indicati,
2542 2934 2801 3018 Vergilii

656 3046 790 3114 Ecl.
839 3049 939 3126 IV,
979 3052 1066 3116 47
1084 3058 1118 3116 ε’

855 3180 1194 3244 Concordes
1237 3186 1429 3246 stabili
1469 3187 1729 3248 fatorum
1769 3190 2010 3250 numine
2052 3191 2299 3265 Parcae,

653 3307 917 3390 culpam
965 3310 1148 3374 casui
1193 3311 1659 3397 assignandam
1683 3315 1867 3395 puto,
1918 3314 2285 3380 Nonnullos
2310 3317 2532 3380 autem
2556 3315 2736 3379 locos
2760 3334 2801 3379 a

653 3425 725 3490 L.
813 3426 1154 3491 Schwabio
1242 3429 1561 3511 tanquam
1630 3431 2065 3497 imitationem
2140 3432 2381 3501 Catulli
2450 3433 2803 3516 prodentes

651 3546 1050 3610 memoratos
1122 3545 1453 3612 Baehrens
1501 3549 1802 3614 consulto
1852 3551 2261 3633 praeteriisse
2312 3551 2584 3616 videtur.
2685 3549 2801 3615 Est

727 3751 763 3810 1)
819 3746 902 3803 cf.
937 3748 1179 3805 Censura
1211 3752 1541 3824 Appendicis
1580 3751 1920 3824 Vergilianae
1952 3752 2349 3809 Ribbeckianac
2374 3754 2431 3809 in
2454 3754 2651 3813 Annal.
2671 3753 2798 3809 Hei·

651 3840 791 3898 delb.
830 3844 970 3903 1870
1004 3862 1125 3917 pag.
1162 3847 1262 3901 801
1302 3866 1416 3920 sqq.

722 3940 761 4004 2)
815 3938 898 3995 cf.
951 3939 1019 3995 In
1058 3939 1208 3997 Cirin
1241 3959 1451 3998 carmen
1487 3944 1921 3999 observationum
1952 3962 2078 4016 pars
2116 3949 2170 4011 I,
2208 3944 2435 4017 Dorpati
2470 3944 2798 4001 Livonorum

611 4050 614 4054 ’
654 4033 792 4092 1871
832 4037 886 4090 et
917 4034 1253 4092 Fleckeiseni
1285 4039 1524 4094 Annales
1559 4038 1700 4097 1873
1740 4059 1785 4111 p.
1829 4039 1932 4095 633
1970 4058 2047 4112 sq.

723 4130 762 4194 ³)
817 4128 901 4185 Cf.
962 4130 1378 4188 Emendationes
1439 4136 1495 4189 in
1551 4135 1702 4191 Cirin
1759 4136 1815 4191 in
1866 4135 2199 4191 Fleckeiseni
2251 4136 2445 4191 Annal.
2500 4133 2641 4195 1872
2677 4153 2797 4208 pag.

655 4223 759 4278 833
797 4242 911 4297 sqq.
949 4229 1004 4282 et
1041 4226 1179 4285 1873
1217 4246 1266 4300 p.
1303 4228 1408 4287 773
1445 4247 1525 4302 sq.

3351 799 3360 826 -
3338 569 3358 770 -μ,
3334 413 3348 534 -ffl
