3392 5292
1628 638 1711 701 37

593 850 916 933 explicare
989 853 1266 917 conatus
1314 851 1448 917 est:
1509 852 1614 917 „Si
1662 872 1831 935 opus
1878 855 2212 936 poeticum
2258 875 2414 921 cum
2465 858 2751 923 textrino

592 988 973 1052 comparare
1020 969 1198 1049 licet,
1248 988 1420 1052 quae
1469 968 1731 1035 Catullo
1783 1016 1800 1033 .
1855 1021 1869 1035 .
1923 1018 1941 1034 .
1995 1016 2011 1034 .
2067 970 2233 1037 Ciris
2287 976 2483 1055 poeta
2532 976 2748 1054 debet,

597 1108 674 1153 ea
735 1088 925 1170 quasi
979 1093 1224 1153 stamen
1289 1086 1614 1169 efficiunt,
1671 1089 1778 1153 cui
1823 1088 2141 1156 subtemen
2189 1090 2473 1157 maxime
2520 1094 2750 1174 Vergi-
2829 1082 2834 1085 ’

591 1206 844 1271 lianum
891 1207 1215 1272 insertum
1263 1205 1419 1272 est”.
1473 1207 1521 1291 ¹)
1571 1207 1667 1272 Ac
1717 1227 1874 1273 sane
1924 1228 2065 1273 rem
2113 1228 2237 1274 acu
2288 1209 2514 1291 tetigit.
2582 1209 2752 1276 Nam

592 1306 869 1390 imitatio
937 1325 1344 1407 Vergiliana,
1419 1325 1496 1390 ut
1563 1326 1885 1406 vidimuS‚
1961 1346 2038 1392 eo
2110 1328 2523 1407 continetur,
2573 1330 2752 1413 quod

502 1486 510 1492 -
594 1444 790 1525 poeta
857 1444 1106 1526 aliquot
1181 1463 1404 1509 versus
1474 1445 1539 1509 et
1586 1446 1946 1511 sententias
1991 1446 2393 1527 Vergilianas
2440 1448 2509 1511 in
2556 1466 2754 1513 suum

594 1579 857 1626 carmen
889 1562 1210 1641 inseruit,
1277 1563 1556 1628 imitatio
1605 1561 1979 1629 Catulliana
2027 1564 2256 1630 contra
2277 1615 2293 1645 ‚
2346 1583 2753 1649 quamquam

593 1680 815 1744 minus
883 1683 1140 1764 aperta,
1197 1682 1406 1747 multo
1454 1681 1650 1748 latius
1697 1684 1900 1765 patet.
1996 1682 2147 1748 Jam
2195 1683 2503 1775 carminis
2545 1684 2753 1749 nostri

592 1799 936 1864 exordium
985 1800 1357 1884 exemplum
1408 1803 1673 1867 exstans
1723 1802 1915 1866 nobis
1964 1800 2268 1885 praebet:

911 1965 1038 2025 Etsi
1077 1986 1174 2027 me
1216 1966 1376 2027 vario
1422 1966 1702 2027 iactatum
1744 1954 1933 2027 laudis
1976 1986 2178 2028 amore

913 2069 1197 2147 Irritaque
1241 2077 1550 2149 expertum
1590 2070 1815 2131 fallacis
1857 2070 2120 2149 praemia
2162 2071 2337 2159 vulgi·

914 2175 1237 2253 Cecropius
1281 2175 1474 2235 suavis
1517 2176 1823 2254 exspirans
1864 2175 2134 2235 hortulus
2176 2195 2351 2236 auras

909 2280 1197 2341 Florentis
1236 2279 1404 2340 viridi
1443 2281 1685 2359 sophiae
1727 2280 2135 2359 complectitur
2173 2281 2409 2355 umbra,

793 2387 848 2445 5.
910 2386 1150 2462 Iamque
1191 2404 1325 2445 mea
1367 2384 1592 2445 ratione
1630 2385 1993 2462 indignumst
2034 2405 2317 2462 quaerere
2360 2406 2627 2459 carmen,

910 2490 1112 2567 Longe
1155 2490 1314 2550 aliud
1354 2489 1613 2550 studium
1655 2496 1833 2567 atque
1875 2490 2019 2550 alios
2066 2509 2216 2566 quae
2238 2490 2501 2552 accincta
2519 2492 2751 2552 labores

910 2594 1100 2655 Altius
1142 2595 1218 2655 ad
1257 2593 1462 2671 magni
1504 2594 1769 2673 suspexit
1810 2594 2004 2654 sidera
2046 2593 2254 2654 mundi

912 2700 986 2759 Et
1028 2698 1309 2777 placitum
1348 2698 1552 2777 paucis
1598 2718 1745 2759 ausa
1786 2705 1876 2759 est
1917 2699 2236 2759 ascendere
2277 2700 2487 2760 collem
2504 2745 2518 2773 ‚

817 2796 820 2801 ¹
910 2805 1047 2865 Non
1086 2811 1286 2865 tamen
1326 2804 1608 2864 absistam
1651 2810 1928 2881 coeptum
1970 2805 2243 2864 detexere
2283 2824 2527 2877 mUnUS,

758 2912 846 2970 10.
911 2910 976 2969 In
1019 2928 1137 2986 quo
1176 2908 1302 2969 iure
1345 2928 1510 2976 meas
1550 2907 1778 2968 utinam
1818 2908 2187 2985 requiescere
2226 2928 2430 2969 musas

913 3014 985 3074 Et
1028 3012 1228 3075 leviter
1270 3014 1554 3075 blandum
1595 3012 1769 3073 liceat
1809 3013 2105 3091 deponere
2146 3031 2427 3073 amorem.

681 3172 886 3237 Poeta
957 3169 1131 3233 enim
1200 3167 1307 3231 hic
1371 3186 1506 3232 non
1556 3167 1774 3232 solum
1822 3166 2075 3249 aliquot
2121 3166 2324 3232 verba
2372 3185 2451 3231 ex
2506 3166 2749 3232 Catulli

591 3288 992 3354 carminibus
1061 3287 1131 3350 in
1198 3304 1394 3350 suum
1459 3293 1726 3350 carmen
1774 3285 2143 3351 transtulit:
2196 3287 2270 3350 ut
2317 3305 2391 3349 vs
2442 3286 2481 3349 3
2531 3286 2749 3350 suavis

591 3408 925 3489 exspirans
971 3424 1167 3471 auras
1214 3422 1295 3490 -·-·-3-
1342 3403 1487 3469 Cat.
1543 3404 1667 3482 64,
1722 3405 1809 3469 87
1858 3405 2073 3469 suavis
2114 3404 2453 3486 exspirans
2480 3404 2745 3481 odores;

595 3546 666 3592 vs
717 3528 754 3591 7
805 3524 1024 3608 magni
1069 3524 1352 3606 suspexit
1398 3523 1612 3587 sidera
1658 3522 1887 3587 mnndi
1928 3541 2009 3573 =
2058 3521 2196 3587 Cat.
2253 3522 2340 3585 66
2362 3570 2377 3599 ‚
2432 3522 2497 3585 1:
2532 3522 2753 3604 magni

593 3645 866 3727 dispexit
911 3644 1164 3707 lumina
1211 3641 1473 3719 mundi,·
1551 3644 1621 3705 vs
1676 3642 1753 3705 11
1810 3640 2113 3723 deponere
2158 3659 2431 3705 amorem
2475 3659 2555 3692 2·
2603 3638 2745 3704 Cat.

599 3764 684 3828 76
706 3809 724 3839 ‚
784 3763 903 3827 13:
977 3758 1298 3825 difficilest
1345 3760 1615 3840 longum
1663 3759 1881 3823 subito
1929 3759 2232 3841 deponere
2277 3778 2584 3838 amorem,
2632 3759 2747 3825 sed

598 3881 793 3945 etiam
840 3879 1090 3962 periodi
1136 3878 1538 3943 structuram
1587 3876 2021 3943 conformavit
2066 3878 2153 3942 ad
2202 3875 2444 3942 Catulli
2482 3897 2747 3942 carmen

598 3999 730 4063 65:
768 3999 793 4062 1
851 4017 1009 4082 sqq:

621 4182 624 4185 ⁴
670 4204 712 4273 ¹)
745 4202 829 4259 Cf.
883 4202 948 4258 L.
985 4202 1249 4259 Schwabii
1283 4202 1336 4258 in
1373 4202 1520 4257 Cirin
1557 4186 1772 4258 carmen
1806 4200 2256 4257 Observationum
2292 4197 2461 4273 partis
2495 4196 2525 4251 I
2558 4212 2677 4269 pag.
2700 4194 2731 4247 3

596 4300 729 4355 Pars
766 4298 934 4355 altera
968 4298 1134 4355 deest.
