3392 5292
1601 601 1689 666 47

570 831 716 877 cere
783 813 965 891 licet,
1034 814 1147 878 ubi
1209 813 1540 879 Baehrens
1609 815 1766 880 Oeta
1813 834 1934 899 pro
1979 823 2127 884 ante
2174 838 2498 901 reponens
2547 822 2722 887 recte

567 931 856 1014 scripsit:
907 932 1292 1014 Hesperiam
1327 931 1482 998 Oeta
1497 932 1704 1015 Jabar
1736 935 2042 1015 quatiens.
2100 934 2195 1001 Cf.
2234 936 2373 1002 Cat.
2405 938 2617 1003 LXII:
2650 940 2713 1017 7,

570 1050 659 1115 20
681 1098 724 1128 ,κ
750 1051 857 1115 26.

659 1166 976 1251 Apertam
1026 1167 1278 1234 Cinnae
1325 1169 1761 1234 imitationem
1811 1136 2061 1235 redolet
2108 1149 2274 1235 Ciris
2323 1191 2549 1237 versus
2588 1172 2715 1237 46:

766 1331 983 1413 Accipe
1027 1335 1182 1394 dona
1221 1303 1357 1395 meo
1398 1334 1652 1431 multum
1692 1333 1925 1411 vigilata
1963 1335 2183 1395 labore.

567 1492 738 1557 Nam
786 1493 854 1557 in
903 1492 1151 1559 Cinnae
1196 1492 1564 1574 fragmento
1612 1494 1700 1557 ΠΙ
1750 1494 1929 1577 apud
1977 1493 2365 1559 Muellerum
2407 1494 2714 1575 legimus:

765 1658 928 1719 Haec
967 1658 1071 1719 tibi
1110 1657 1350 1719 Arateis
1382 1657 1638 1717 multum
1680 1657 1913 1733 vigilata
1953 1657 2209 1718 lucernis
2317 1641 2328 1651 ’

765 1762 1043 1825 Carmina
1082 1770 1190 1824 etc.

658 1919 764 1984 Ab
831 1920 1063 1985 eodem
1135 1921 1360 1986 noster
1428 1940 1501 1985 vs
1574 1918 1718 1985 254ae
1785 1938 2010 1985 vocem
2083 1918 2247 1984 tabis
2270 1896 2608 2001 sumpsit,
2660 1920 2714 1982 si

565 2038 832 2119 quidem
858 2038 1135 2104 Charisii
1159 2039 1240 2103 de
1262 2037 1477 2105 Cinna
1502 2038 1875 2105 testimonio
1891 2037 2094 2102 fidem
2108 2037 2355 2102 habere
2370 2037 2708 2102 audemus,

566 2155 627 2218 Is
684 2156 858 2220 enim
907 2176 1055 2239 pag.
1108 2158 1194 2223 73
1245 2158 1435 2223 dicit:
1499 2156 1749 2223 »Cinna
1798 2146 2025 2222 autem
2067 2156 2138 2229 in
2186 2155 2469 2239 Zmyrna
2516 2154 2716 2238 huJus

567 2273 728 2339 tabis
797 2275 961 2341 dixit
1025 2276 1208 2341 nullo
1282 2274 1608 2355 auctore'’,
1682 2276 1749 2341 et
1817 2294 1967 2359 pag.
2032 2276 2200 2339 118:
2264 2274 2501 2339 „huius
2549 2272 2713 2338 tabis

567 2390 778 2458 Cinna
848 2394 917 2458 in
980 2394 1266 2478 Zmyrna
1331 2394 1530 2473 dixit,
1608 2395 1793 2459 nullo
1856 2395 2011 2460 ante
2058 2414 2130 2459 se
2181 2413 2339 2459 usus
2387 2391 2718 2459 auctore.”

567 2510 696 2575 Ubi
777 2513 974 2594 poeta
1056 2513 1139 2578 de
1217 2513 1514 2578 Lucifero
1585 2514 1863 2597 loquens
1944 2532 2065 2577 nos
2136 2513 2329 2578 docet
2401 2513 2459 2577 ei
2518 2511 2736 2606 sideri

567 2631 765 2695 noctu
839 2650 1082 2697 nomen
1153 2632 1447 2715 Hespero
1520 2650 1659 2696 esse
1736 2630 1842 2717 (cf.
1918 2650 1991 2697 vs
2066 2633 2189 2697 351
2272 2650 2401 2714 sq.:
2520 2632 2715 2713 Quem

560 2749 831 2832 pavidae
893 2750 1161 2817 alternis
1220 2750 1508 2835 fayitamt
1560 2754 1900 2833 optantque
1960 2749 2213 2833 puellae
2228 2802 2244 2827 ,
2329 2748 2714 2831 Hesperiam

563 2871 801 2951 vitant,
861 2874 1084 2952 optant
1147 2869 1471 2935 ardescere
1533 2863 1777 2954 anm)
1844 2868 1937 2933 nil
2008 2869 2160 2933 novi
2226 2867 2433 2932 affert.
2530 2868 2712 2932 Idem

565 2989 739 3053 enim
804 2990 871 3054 in
935 2989 1156 3053 animo
1218 2984 1453 3053 habuit
1501 2985 1716 3052 Cinna
1763 2986 1831 3051 in
1878 2987 2163 3069 Zmyrna
2219 2982 2330 3071 (cf.
2382 2984 2613 3067 fragm.
2668 2987 2709 3050 8

563 3107 743 3190 apud
789 3107 857 3173 L.
912 3106 1066 3193 M.):

763 3272 850 3333 Te
886 3271 1210 3334 matutinus
1249 3270 1488 3334 flentem
1527 3271 1836 3350 conspexit
1870 3271 2030 3332 Eous

760 3377 835 3437 Et
871 3375 1110 3439 flentem
1151 3377 1326 3456 paulo
1366 3377 1508 3438 vidit
1554 3372 1690 3457 post
1732 3377 2035 3456 Hesperus
2071 3376 2230 3436 idem
2252 3422 2266 3449 ,

561 3561 626 3623 et
675 3556 976 3624 Catullus
1020 3559 1090 3623 in
1137 3576 1339 3625 carm.
1393 3558 1478 3622 62
1530 3578 1604 3622 vs
1655 3557 1744 3624 34
1793 3576 1903 3641 sq:

759 3722 947 3784 Nocte
983 3723 1168 3784 latent
1207 3723 1394 3797 fureS,
1439 3740 1590 3801 quos
1630 3721 1790 3783 idem
1832 3740 2008 3801 saepe
2050 3729 2347 3783 revertens
2361 3770 2375 3797 ,

760 3827 1024 3907 Hespere
1059 3835 1287 3889 mutato
1330 3827 1706 3906 comprendis
1737 3827 1977 3889 nomine
2019 3826 2197 3903 Eous,

560 4013 798 4080 Confer
843 4015 1183 4097 praeterea
1230 4010 1616 4077 Callimachi
1661 4007 1886 4074 Hecal.
1940 4008 2015 4074 fr.
2068 4010 2195 4073 52:

981 4174 1150 4231 αὐτὸν
1191 4173 1290 4242 μὲν
1328 4168 1596 4247 φιλέουσ’,
1641 4172 1810 4229 αὐτὸν
1857 4175 1923 4227 δέ
1960 4193 2023 4228 τε
2060 4172 2409 4246 πεφρίκασιν.

967 4272 1260 4348 Ἐσπέριον
1302 4277 1652 4349 στυγέουσιν,
1695 4276 1840 4347 ἀτὰρ
1888 4275 2172 4348 φιλέουσιν
2203 4272 2397 4350 Ἔῷυν.
