3392 5292
1696 586 1783 652 76

617 828 788 892 quae
837 827 917 873 ex
966 804 1302 891 (genuina)
1351 805 1483 869 vita
1514 802 1757 867 Donati
1790 801 2050 884 recepta
2083 800 2166 865 sit
2195 799 2302 883 (cf.
2338 800 2528 865 Reiff.
2559 819 2624 881 p.
2654 798 2764 877 58,

619 927 750 992 vita
799 926 972 1008 vulg.
1020 945 1075 989 c.
1107 922 1200 1010 6),
1252 922 1615 989 adhibitam
1651 940 1789 985 esse
1824 920 1909 984 ad
1943 919 2179 1000 Vergili
2216 918 2393 999 magi
2430 937 2776 1000 personam

618 1042 1113 1109 inducendam”.
1191 1043 1305 1119 „In
1357 1041 1555 1124 hujus
1603 1038 1829 1117 adeo”‚
1880 1038 1972 1102 ita
2021 1037 2230 1119 pergit
2279 1038 2529 1116 auctor,
2593 1056 2780 1119 „pro-

620 1164 832 1246 priam
894 1131 1117 1227 sedem
1180 1180 1258 1226 ac
1318 1159 1755 1239 domicilium,
1806 1176 1977 1240 quae
2030 1155 2151 1221 fuit
2202 1156 2531 1238 NeapoliS,
2585 1156 2780 1238 poeta

621 1282 935 1363 migrasse
982 1280 1221 1346 dicitur
1267 1279 1352 1343 ab
1401 1277 1904 1360 interpolatore,
1958 1294 2110 1340 cum
2160 1275 2229 1339 in
2278 1275 2559 1356 genuina
2613 1275 2780 1353 vita,

621 1420 791 1486 quae
874 1419 1027 1465 cum
1100 1398 1419 1481 excerptis
1492 1398 1671 1480 apud
1737 1392 2213 1479 Hieronymum
2281 1392 2414 1479 (Ol.
2481 1394 2602 1457 181
2635 1442 2650 1472 ‚
2709 1391 2783 1478 4)

623 1521 847 1603 aperte
897 1518 1230 1599 congruit,
1272 1516 1590 1597 Vergilius
1624 1517 1957 1581 transiisse
1989 1516 2058 1579 in
2100 1514 2331 1578 urbem
2368 1510 2784 1595 tradatur'’.¹)

625 1637 812 1717 Quae
876 1636 1215 1719 disciplina
1276 1635 1604 1718 quatenus
1661 1635 1941 1717 Vergilio
1992 1631 2379 1698 conduxerit
2427 1631 2493 1694 in
2545 1630 2780 1695 carmi-

623 1757 818 1821 nibus
875 1754 1378 1837 componendiS,
1433 1754 1729 1817 videmus
1793 1772 1871 1816 ex
1919 1752 2030 1816 illo
2082 1750 2470 1815 suavissimo
2519 1748 2774 1831 idyllio,

624 1875 803 1958 quod
852 1875 1177 1939 Moretum
1226 1872 1613 1955 appellatur.
1720 1870 1859 1935 Hoc
1909 1870 2087 1934 enim
2137 1843 2373 1951 poe‘ma
2421 1887 2462 1932 a
2500 1866 2781 1949 Vergilio

622 1994 941 2075 scriptum
1011 1993 1214 2073 atque
1283 1990 1720 2055 imitationem
1792 2008 1931 2052 esse
1997 1986 2366 2060 Parthenii,
2423 1985 2782 2051 certissima

627 2130 731 2176 res
804 2113 931 2183 est,
1010 2110 1064 2174 si
1129 2108 1542 2173 annotationi
1604 2107 1804 2171 fidem
1871 2106 2116 2171 habere
2170 2105 2528 2183 audemus,
2579 2122 2781 2185 quam

628 2228 701 2293 G.
774 2230 827 2293 J.
883 2229 1147 2294 Vossius
1211 2228 1436 2293 narrat
1504 2228 1716 2292 filium
1778 2228 2107 2302 Isaacum‚
2163 2244 2318 2289 cum
2365 2223 2620 2288 Italiam
2677 2223 2780 2287 lu-

625 2345 896 2423 straret,
932 2346 1001 2410 in
1035 2346 1255 2409 codice
1289 2345 1723 2409 bibliothecae
1752 2344 2228 2410 Ambrosianae
2253 2346 2339 2407 ad
2365 2343 2489 2407 hoc
2515 2362 2780 2406 carmen

626 2463 1024 2545 adscriptam
1050 2463 1320 2545 legisse:
1367 2464 1763 2530 Parthenius
1785 2464 2108 2529 Moretum
2130 2462 2384 2544 scripsit
2410 2462 2482 2526 in
2510 2461 2778 2540 Graeco,

627 2600 807 2663 quem
888 2579 1200 2664 Veryilius
1268 2580 1557 2645 imitatus
1622 2584 1730 2645 est.
1787 2578 1843 2664 ²)
1943 2579 2021 2644 Et
2087 2598 2240 2643 vere
2306 2578 2476 2644 hanc
2531 2580 2782 2645 librarii

628 2810 787 2866 editis
839 2810 1053 2881 vulgato
1102 2809 1347 2882 exemplo
1384 2813 1565 2883 spreto
1599 2810 1938 2866 Danielinam
1976 2812 2140 2866 vitam
2175 2815 2455 2883 tantopere
2489 2812 2781 2869 admiratus

628 2907 728 2972 sit,
768 2909 829 2961 ut
864 2906 1183 2961 Suetonium
1219 2905 1335 2977 ejus
1370 2910 1641 2961 auctorem
1679 2904 1946 2977 adpellare
1983 2923 2088 2961 non
2129 2905 2474 2963 dubitaverit.

696 3001 832 3056 Tum
868 3000 1179 3056 certissimis
1215 3001 1545 3071 argumentis
1579 3000 1978 3056 demonstratur
2015 3001 2152 3057 hanc
2178 3002 2437 3057 Gronovii
2460 3005 2780 3059 sententiam

627 3113 753 3151 vero
789 3095 1081 3167 proximam
1121 3113 1262 3161 esse;
1301 3095 1467 3151 vitam
1504 3096 1644 3150 enim
1681 3094 1827 3150 illam
1865 3095 2204 3152 Danielinam
2241 3098 2548 3153 aSuetonio
2569 3098 2782 3170 quidem

628 3196 881 3267 scriptam
932 3213 1080 3261 esse,
1126 3194 1219 3249 sed
1256 3198 1599 3249 retractatam
1641 3211 1772 3249 cura
1807 3194 1949 3249 Aelii
1989 3196 2186 3249 Donati
2223 3196 2408 3251 Servio
2445 3194 2780 3267 antiquioris,

699 3294 737 3355 ¹)
790 3289 875 3345 Of.
926 3288 1152 3359 Vergilii
1208 3289 1336 3344 Vita
1391 3288 1455 3344 de
1494 3290 1875 3345 commentario
1915 3290 2116 3345 Donati
2163 3290 2376 3347 sublata
2401 3289 2569 3362 ·apud
2627 3290 2783 3345 Reiff.

625 3405 678 3459 p.
736 3388 827 3442 552
888 3383 1035 3456 ,(sed
1095 3383 1385 3456 Vergilius)
1436 3383 1700 3439 Cremona
1751 3384 2116 3440 Mediolanum
2168 3389 2223 3441 et
2272 3386 2396 3442 inde
2445 3386 2606 3457 paulo
2661 3388 2784 3457 post

630 3480 845 3537 transiit
880 3481 936 3536 in
975 3481 1215 3537 urbem.”

697 3576 1061 3650 Hieronymus
1111 3577 1307 3633 Chron.
1344 3576 1543 3632 Euseb.
1580 3575 1647 3631 ad
1690 3575 1776 3633 01.
1815 3577 1944 3643 181,
1986 3578 2067 3632 4.;
2113 3576 2413 3647 -Vergilius
2449 3583 2624 3634 sumta
2658 3582 2784 3649 toga

634 3671 994 3728 Mediolanum
1034 3671 1449 3743 transgreditur:
1491 3677 1547 3727 et·
1582 3675 1708 3744 post
1742 3672 1901 3728 breve
1938 3677 2148 3745 tempus
2188 3672 2415 3728 Romam
2450 3674 2678 3745 pergit”.

700 3768 944 3824 Donatus
979 3768 1111 3823 Vita
1146 3769 1383 3839 Vulgata
1417 3769 1441 3842 §
1462 3768 1495 3827 7
1512 3788 1615 3841 sq.:
1656 3767 1791 3823 »Sed
1811 3768 2082 3839 Vergilius
2106 3768 2370 3824 Cremona
2393 3769 2782 3834 Mediolanum,

629 3867 686 3920 et
729 3863 855 3918 inde
900 3863 1060 3936 paulo
1096 3868 1221 3936 post
1254 3864 1522 3936 Neapolin
1558 3865 1789 3920 transiit.
1863 3864 1975 3920 Ubi
2012 3882 2133 3921 cum
2171 3864 2344 3921 literis
2382 3868 2439 3920 et
2474 3865 2694 3920 Graecis
2729 3868 2785 3919 et

634 3958 843 4015 Latinis
877 3959 1397 4015 vehementissimam
1436 3977 1651 4031 operam
1691 3959 1952 4027 dedisset,
1987 3960 2202 4016 tandem
2222 3960 2368 4014 omni
2387 3977 2516 4016 cura
2532 3960 2783 4033 omnique

630 4052 810 4107 studio
863 4052 1091 4108 indulsit
1142 4052 1436 4111 medicinae
1470 4060 1525 4111 et
1568 4056 1988 4113 mathematicae.
2058 4056 2267 4127 Quibus
2305 4056 2464 4112 rebus
2501 4072 2622 4111 cum
2658 4060 2783 4113 ante

627 4145 763 4201 alios
800 4145 1059 4202 eruditior
1093 4147 1422 4222 peritiorque
1458 4153 1631 4215 esset,
1674 4168 1731 4205 se
1768 4150 1823 4205 in
1860 4150 2061 4205 Urbem
2099 4150 2390 4217 contulit'’,
2432 4154 2533 4207 etc.

699 4245 739 4309 2)
791 4241 874 4297 Cf.
919 4243 997 4298 De
1032 4244 1207 4315 poetis
1246 4244 1487 4312 Graecis3
1527 4244 1766 4318 Operum
1803 4244 1898 4300 ΙΙΙ
1933 4263 1984 4317 p.
2022 4246 2156 4313 220,
2195 4245 2276 4302 ed.
2313 4246 2482 4302 Blaeu
