3392 5292
1606 629 1691 690 87

1457 841 1560 904 Vs.
1621 843 1833 906 1-52

772 1007 896 1066 Etsi
937 1025 1036 1066 me
1079 1006 1237 1066 vario
1276 1006 1556 1065 iactatum
1597 1006 1788 1065 laudis
1831 1025 2034 1066 amore

775 1110 1061 1188 Irritaque
1101 1117 1413 1188 expertum
1452 1109 1677 1171 fallacis
1723 1110 1984 1189 praemia
2023 1112 2178 1189 vulgi

775 1214 1095 1294 Cecropius
1134 1214 1329 1275 suavis
1373 1214 1680 1293 exspirans
1724 1216 1994 1277 hortulus
2035 1236 2210 1277 auras

769 1320 1060 1382 Florentis
1102 1320 1270 1381 viridi
1310 1320 1552 1398 sophiae
1597 1322 2007 1401 complectitur
2043 1323 2256 1384 umbra

772 1424 929 1484 Tum
970 1443 1105 1485 mea
1147 1424 1447 1503 qu(a)eret
1480 1445 1550 1487 eo
1577 1426 1818 1504 dignum
1844 1426 1955 1487 sibi
1977 1426 2315 1505 qu(a)erere
2337 1446 2592 1501 carmen,
2615 1435 2722 1487 etc.

644 1576 759 1642 (Vs-
810 1576 841 1631 2
897 1576 1095 1650 Iritaq3
1152 1578 1200 1635 R
1261 1579 1273 1652 Ι
1336 1578 1521 1634 salacia
1567 1578 1620 1635 R.
1666 1587 1693 1646 ΙΙ
1744 1598 1820 1634 vs.
1859 1580 1890 1634 3
1931 1597 2121 1635 suaves
2155 1579 2205 1634 L
2253 1579 2265 1653 Ι
2313 1596 2441 1651 exsp
2476 1578 2561 1634 H:
2605 1596 2724 1651 exp.

571 1674 723 1727 ceteri
770 1672 781 1744 Ι
829 1672 1052 1728 hotulus
1088 1672 1141 1729 R.
1177 1672 1389 1728 ortulus
1425 1677 1578 1730 ceteri
1632 1676 1643 1747 Ι
1704 1676 1884 1748 auras]
1921 1674 2113 1730 herbas
2147 1676 2213 1741 A,
2249 1693 2376 1730 corr.
2416 1693 2448 1730 a
2500 1682 2526 1740 ΙΙ
2576 1692 2654 1729 vs,
2691 1677 2725 1729 4

570 1768 850 1824 Florentes
886 1768 1071 1825 viridis
1106 1799 1179 1811 —
1211 1769 1425 1825 umbras
1463 1770 1540 1832 0,
1580 1789 1709 1826 corr.
1745 1772 1858 1827 edd.
1894 1776 2002 1827 ant.
2051 1771 2061 1844 Ι
2109 1770 2248 1843 oopl.
2286 1770 2341 1826 R
2378 1777 2404 1835 11
2439 1788 2512 1825 va.
2539 1773 2568 1825 5
2587 1771 2723 1827 Tum

573 1883 637 1920 ea
669 1867 718 1920 A
755 1865 810 1921 R
843 1864 924 1920 Tu
959 1883 1077 1920 mea
1110 1865 1253 1931 1,)1).
2510 1860 2516 1867 ’

663 2016 770 2079 Vs,
829 2016 887 2079 1.
986 2016 1117 2081 Pro
1165 2018 1377 2096 vario,
1411 2017 1590 2100 quod
1625 2036 1862 2082 omnes
1895 2017 2148 2082 codices
2173 2015 2520 2095 exhibent,
2546 2014 2716 2081 Clar.

572 2132 905 2197 Baehrens
968 2134 1210 2216 recepit
1276 2135 1525 2199 Heinsii
1574 2135 2023 2218 conjecturam
2074 2155 2274 2217 vano,
2326 2154 2459 2219 qua
2497 2136 2721 2200 tamen

571 2270 737 2335 opus
797 2271 933 2316 non
998 2254 1115 2317 est.
1214 2252 1420 2318 Poeta
1468 2254 1645 2318 enim
1693 2253 1866 2332 vult,
1917 2273 1987 2318 se
2035 2255 2232 2319 antea
2279 2253 2458 2319 vario
2506 2253 2720 2318 laudis

570 2388 828 2446 amore,
880 2370 1209 2436 honorum
1257 2371 1563 2455 cupidIne
1605 2372 1933 2455 jactatum
1981 2391 2139 2439 esse.

659 2488 767 2553 Vs.
821 2490 884 2553 5.
981 2490 1075 2555 De
1137 2490 1260 2556 hoc
1317 2511 1511 2557 versu
1563 2491 2059 2575 corruptissimo
2108 2492 2253 2555 vide
2301 2510 2472 2572 quae
2520 2511 2720 2574 supra

574 2605 730 2689 Cap.
785 2608 872 2672 III
922 2629 985 2691 p.
1041 2609 1129 2673 38
1179 2609 1483 2675 diximus,

1406 2778 1510 2841 Vs,
1572 2778 1881 2841 192—28:

769 2943 943 3015 Quod
980 2942 1031 3002 si
1071 2942 1387 3004 mirificum
1428 2961 1613 3019 genus
1654 2961 1862 3003 omnes
1903 2984 1916 2999 .
1967 2985 1980 2999 .
2027 2985 2039 2999 .
2086 2986 2099 2999 .
2145 2984 2158 3000 .

766 3046 1080 3109 Mirificum
1120 3047 1245 3109 sedi
1284 3048 1465 3109 modo
1508 3046 1583 3108 sit
1622 3046 1727 3108 tibi
1767 3047 1912 3108 velle
1950 3045 2160 3121 libido,

766 3153 830 3215 Si
871 3173 969 3215 me
1010 3154 1130 3214 iam
1174 3173 1408 3215 summa
1451 3152 1752 3231 Sapientia
1792 3159 2073 3231 pangeret
2112 3171 2278 3226 arce,

767 3258 1059 3332 Quattuor
1099 3250 1357 3337 antiquis
1397 3278 1549 3337 quae
1589 3258 1906 3321 heredibus
1949 3264 2039 3318 est
2084 3258 2221 3317 data
2263 3275 2534 3330 consors,

772 3364 943 3425 Unde
984 3364 1295 3426 hominum
1336 3383 1567 3425 errores
1612 3364 1787 3441 longe
1825 3363 2060 3441 lateque
2100 3381 2206 3441 per
2248 3361 2453 3422 orbern

764 3468 1079 3547 Despicere
1119 3476 1295 3547 atque
1337 3468 1575 3532 humilis
1618 3487 1860 3547 possem
1903 3474 2279 3529 contemnere
2319 3484 2518 3549 curas:

763 3572 900 3633 Non
941 3593 1049 3651 ego
1088 3580 1147 3635 te
1187 3574 1367 3635 talem
1418 3591 1730 3635 venerarer
1771 3590 2018 3633 munere
2057 3571 2184 3645 tali,

765 3676 901 3738 Non
943 3678 1217 3756 equidem
1258 3677 1555 3756 (quamvis
1595 3677 1893 3737 interdum
1933 3674 2135 3736 ludere
2173 3673 2345 3734 nobis

762 3781 838 3842 Et
874 3780 1151 3860 gracilem
1190 3783 1356 3844 molli
1394 3782 1566 3844 liceat
1603 3782 1753 3860 pede
1793 3782 2064 3843 claudere
2103 3777 2394 3854 versum),

766 3885 886 3947 Sed
931 3906 1147 3966 magno
1191 3888 1459 3950 intexens
1476 3934 1492 3963 ,
1534 3886 1584 3948 si
1626 3888 1718 3947 fas
1761 3892 1850 3947 est
1889 3884 2116 3958 dicere,
2159 3884 2360 3963 pep10,
2405 3890 2516 3945 etc.

636 4121 673 4184 ¹)
718 4122 1042 4180 Lectionum
1077 4122 1389 4178 varietatem
1427 4126 1705 4177 mutuatus
1742 4138 1860 4176 sum
1897 4136 1966 4175 ex
2000 4116 2313 4175 Baehrensii
2347 4116 2610 4185 editione3
2645 4115 2714 4173 cf.

574 4220 803 4277 nPoetae
837 4217 1021 4275 Latini
1056 4218 1337 4279 minores”‚
1375 4217 1481 4274 Vol
1518 4216 1597 4285 11,
1634 4234 1756 4289 pag.
1791 4215 1912 4272 126.
1949 4216 2030 4272 De
2048 4214 2304 4287 siglorum
2326 4213 2715 4286 significatione

563 4315 685 4372 vide
720 4314 958 4388 ejusdem
993 4313 1119 4370 libri
1152 4332 1204 4386 p.
1240 4313 1325 4368 23.
