3392 5292
1648 627 1729 690 12

617 861 727 911 τῶν
780 859 1033 922 μυθικῶς
1075 854 1378 927 εἰρημένων
1435 842 1780 924 inscripto,
1853 842 2051 924 idque
2123 863 2202 908 eo
2272 844 2518 924 magiS,
2592 843 2772 925 quod

616 962 1080 1042 argumentum
1129 961 1335 1025 nostri
1384 960 1582 1025 libelli
1628 959 1781 1024 huic
1828 960 2235 1043 inscriptioni
2269 961 2467 1044 plane
2501 980 2772 1044 respon-

618 1082 755 1158 det,
811 1081 952 1165 ejus
998 1079 1332 1162 inscriptio
1379 1079 1448 1144 in
1495 1079 1648 1144 Mss.
1697 1077 1951 1160 aliquot
2009 1080 2107 1144 est
2136 1092 2197 1145 ἐκ
2232 1096 2343 1146 τῶν
2380 1091 2771 1162 Παλαιφάτου,

617 1219 739 1264 nec
810 1198 946 1264 ulla
1015 1198 1083 1263 in
1153 1197 1355 1262 libros
1422 1197 1680 1274 divisio,
1761 1215 1914 1262 cum
1973 1206 2214 1262 ἀπίστων
2265 1215 2432 1279 opus
2481 1196 2773 1279 quinque

617 1317 798 1382 libris
892 1315 1355 1382 contineretur.
1478 1315 1664 1393 Quae
1752 1315 1806 1379 si
1894 1314 1989 1379 ita
2074 1315 2260 1390 sunt,
2356 1314 2772 1379 mirationem

617 1455 752 1502 non
824 1435 1061 1515 habet,
1135 1433 1522 1516 Palaephati
1590 1433 1774 1499 illam
1846 1433 2109 1498 doctam
2179 1432 2492 1516 paginam
2514 1478 2535 1509 ,
2584 1432 2773 1515 cnjus

618 1554 843 1619 noster
911 1553 1315 1619 mentionem
1389 1551 1575 1629 facit,
1656 1552 1726 1617 in
1796 1553 2037 1617 nostris
2107 1550 2591 1635 exemplaribus
2637 1569 2774 1614 non

619 1672 908 1756 reperiri.

711 1908 841 1974 Sed
913 1908 1179 1973 diversis
1249 1907 1375 1972 11113
1446 1909 1527 1973 de
1575 1908 1794 1991 Scylla
1844 1906 2083 1973 fabulis
2131 1907 2377 1982 missiS,
2432 1906 2773 1971 videamus

620 2027 874 2110 potiUS,
923 2046 1095 2113 quae
1142 2026 1332 2091 nobis
1382 2027 1462 2091 de
1511 2026 1648 2091 Nisi
1696 2026 1832 2091 filia
1882 2026 2123 2091 tradita
2170 2025 2320 2090 sint.

712 2145 952 2210 Mirum
1021 2145 1347 2227 quantum
1417 2145 1485 2208 in
1565 2145 1642 2208 iis
1690 2164 1958 2229 quoque
2005 2145 2253 2209 veteres
2300 2144 2471 2209 inter
2518 2162 2588 2207 se
2637 2143 2770 2207 dis-

620 2262 947 2340 sentiunt,
999 2280 1200 2344 quam
1233 2262 1318 2326 ob
1353 2281 1494 2326 rem
1528 2263 1853 2345 optimum
1889 2263 2011 2326 erit
2044 2263 2130 2327 ad
2163 2262 2405 2328 Rohdii
2438 2262 2773 2345 exemplar

620 2399 848 2446 omnes
896 2380 1189 2444 veterum
1235 2379 1417 2444 locos
1465 2382 1773 2446 accurate
1820 2381 2184 2464 disponere.
2223 2378 2270 2464 1)
2333 2380 2525 2444 Tunc
2561 2400 2768 2463 appa-

619 2498 790 2564 rebit
856 2498 1159 2563 auctores
1225 2499 1479 2564 variare
1527 2500 1592 2564 et
1641 2500 1724 2564 de
1772 2518 1849 2565 ea
1882 2500 2298 2582 quaestione,
2349 2517 2510 2561 num
2561 2497 2772 2562 Minos

619 2618 884 2700 nuptias
955 2616 1207 2699 Scyllae
1262 2617 1694 2699 promisisset,
1774 2619 1840 2683 et
1912 2618 1991 2682 de
2040 2618 2295 2700 Scyllae
2342 2619 2492 2701 post
2539 2618 2771 2683 urbem

620 2736 1066 2819 expugnatam
1113 2736 1323 2813 sorte,
1377 2736 1444 2799 et
1492 2736 1574 2800 de
1623 2736 1764 2820 eJ'us
1812 2736 2011 2801 exitu.

711 2854 842 2919 Sed
912 2856 1299 2938 priusquam
1370 2853 1533 2919 haec
1596 2854 1967 2920 accuratius
2016 2854 2503 2934 examinamuS,
2556 2873 2769 2938 pauca

617 2974 894 3038 dicenda
941 2975 1098 3040 sunt
1145 2975 1226 3039 de
1263 2973 1522 3039 fabulae
1555 2974 1884 3051 varietate,
1924 2991 2125 3055 quam
2159 2972 2339 3056 apud
2370 2973 2769 3056 Aeschylum

579 3089 1011 3163 ,offendimus
1060 3092 1126 3157 et
1169 3111 1341 3175 quae
1389 3111 1719 3175 nusquam
1768 3091 1925 3156 alibi
1974 3090 2308 3174 reperitur.

709 3210 826 3274 Ille
896 3211 1092 3293 poeta
1165 3211 1448 3291 tragicus
1519 3209 1819 3292 exempla
1883 3209 2218 3292 proferens
2266 3207 2532 3272 nefandi
2580 3205 2766 3271 femi-

617 3346 856 3392 narum
928 3329 1176 3394 amoris
1240 3330 1469 3394 narrat
1537 3328 1869 3393 crudelem
1942 3328 2225 3409 Scyllam
2292 3348 2411 3411 pro
2472 3327 2769 3392 hostibus

615 3445 831 3510 virum
901 3465 1131 3511 carum
1200 3447 1592 3530 perdidisse,
1649 3466 1797 3511 cum
1850 3446 2038 3510 donis
2086 3445 2319 3511 Minois
2344 3499 2359 3525 ,
2412 3430 2769 3511 monilibus

618 3564 869 3642 aureiS,
945 3566 1255 3648 corrupta
1324 3564 1556 3630 Nisum
1625 3584 1859 3629 somno
1906 3564 2268 3646 improvide
2316 3563 2767 3645 indulgentem

617 3681 794 3746 crine
843 3682 1196 3749 immortali
1243 3682 1534 3766 privarit.
1589 3678 1647 3768 ²)
1702 3683 1795 3748 Eo
1844 3701 1997 3763 ergo
2047 3682 2211 3747 teste
2259 3681 2475 3765 Scylla
2515 3681 2766 3747 facinus

691 3984 732 4053 ¹)
785 3982 869 4037 cf.
919 3984 1100 4039 Erwin
1152 3985 1369 4042 Rohdez
1424 3988 1535 4043 Der
1588 3988 1922 4060 griechisehe
1975 3988 2217 4055 Roman,
2270 4005 2388 4059 pag.
2427 3989 2495 4042 93
2534 4006 2612 4060 sq.
2651 3994 2761 4044 not.

617 4073 838 4147 Leipzig
874 4077 1033 4135 1876.

689 4174 728 4237 2)
768 4170 852 4229 cf.
889 4172 1126 4246 Choeph.
1163 4193 1224 4230 vs
1261 4176 1362 4231 615
1401 4193 1516 4249 sqq.

822 4264 1019 4324 Ἀλλαν
1057 4269 1110 4324 δ’
1145 4266 1292 4327 ἔστὶν
1329 4270 1533 4335 (Herm.
1571 4290 1666 4344 pro
1704 4276 1774 4347 δή
1811 4272 1923 4337 τιν’)
1957 4277 2015 4330 ἐν
2048 4278 2235 4349 λόγοις
2270 4281 2514 4350 στυγεῖν,
