3392 5292
1595 619 1682 682 29

570 834 744 898 enim
833 833 1142 910 dubium,
1227 852 1391 897 num
1471 833 1666 915 poeta
1750 831 1916 897 Ciris
1997 853 2070 898 vs
2148 834 2236 897 22
2318 833 2715 901 Erechtheus

571 948 1378 1039 (Erechtheis—Athenis)
1454 970 1495 1016 a
1544 949 1806 1017 Catullo
1854 952 2208 1035 sumpserit
2253 951 2361 1037 (cf.
2415 953 2503 1017 64
2530 973 2544 1019 :
2576 953 2705 1017 211

546 1070 895 1163 ¹Sospite'm
924 1068 1350 1136 Erechtheum
1380 1088 1451 1134 se
1481 1069 1769 1135 ostendit
1798 1070 2001 1135 visere
2028 1070 2309 1154 portum)
2342 1072 2406 1137 et
2437 1072 2721 1137 eundem

570 1190 834 1254 secutus
879 1188 997 1264 sit,
1049 1206 1203 1252 cum
1249 1206 1443 1253 versu
1491 1188 1792 1271 sequenti
1840 1187 2201 1255 Minervam
2233 1194 2476 1256 castam
2507 1189 2720 1255 nomi-

569 1307 792 1387 naret,
887 1304 995 1393 (cf.
1074 1306 1219 1373 Cat.
1293 1325 1496 1371 carm.
1572 1307 1660 1371 64
1708 1329 1723 1371 :
1770 1308 1903 1373 212
1978 1312 2187 1374 castae
2248 1327 2395 1373 cum
2461 1308 2723 1373 moenia

569 1422 821 1510 divae),
873 1425 942 1490 et
989 1442 1179 1489 versu
1235 1424 1367 1489 114
1413 1423 1812 1490 vocabulum
1864 1425 2218 1509 Gortynius
2262 1426 2463 1491 Minoi
2502 1426 2719 1510 adjec-

569 1544 714 1609 tum
782 1542 1128 1608 mutuatus
1199 1542 1282 1607 sit
1353 1561 1435 1607 ex
1497 1542 1741 1608 Catulli
1804 1544 2095 1608 carmine
2143 1543 2274 1609 64:
2304 1545 2390 1610 75
2443 1544 2721 1626 „Attigit

569 1661 796 1745 injusti
854 1660 1023 1742 regis
1071 1659 1386 1743 Gortynia
1435 1659 1669 1726 tecta‘'.
1739 1660 1869 1726 Sed
1917 1681 1992 1726 vs
2041 1662 2130 1727 26
2180 1682 2441 1728 currum
2474 1664 2723 1728 dictum

570 1781 667 1845 est
739 1798 861 1862 pro
933 1798 1158 1845 navem
1225 1778 1778 1845 Panathenaicam
1848 1782 1924 1845 ut
1993 1799 2034 1844 a
2107 1779 2369 1846 Catullo
2433 1782 2723 1846 carmine

573 1897 701 1964 64:
735 1897 775 1961 9
848 1915 970 1979 pro
1039 1916 1264 1963 navem
1335 1897 1510 1981 Aryo
1584 1897 1650 1962 et
1697 1896 1994 1963 clausula
2044 1916 2117 1962 vs
2172 1898 2343 1963 104:
2394 1899 2723 1965 concedere

567 2016 766 2100 digna
812 2014 1133 2097 reperitur
1179 2014 1249 2079 in
1299 2014 1540 2080 Catulli
1588 2016 1879 2081 carmine
1929 2016 2015 2080 68
2068 2035 2139 2080 vs
2193 2016 2343 2081 131.
2427 2016 2722 2099 Denique

570 2134 796 2216 negari
873 2152 1008 2198 non
1080 2133 1298 2216 potest
1364 2152 1559 2199 versu
1607 2134 1744 2199 200
1795 2132 2227 2198 Philomelam
2277 2134 2339 2199 et
2387 2133 2713 2212 Procnen,

568 2252 814 2335 puellas
882 2252 1242 2320 Dauliades
1310 2254 1639 2319 nominari
1712 2253 1798 2318 ad
1871 2252 2113 2318 Catulli
2185 2252 2554 2336 exemplar,
2606 2254 2719 2336 qui

570 2369 1004 2437 Philomelam
1072 2371 1463 2460 Dauliadem
1535 2372 1789 2437 dixerit.
1878 2369 2002 2455 (Cf.
2082 2372 2167 2436 65
2222 2393 2238 2436 :
2294 2371 2380 2437 14
2450 2371 2719 2439 Daulias

570 2487 908 2571 absumpti
955 2489 1092 2555 fata
1139 2489 1369 2555 dolens
1417 2488 1618 2575 Ityli.)

664 2605 860 2686 Quod
930 2607 1265 2673 Baehrens
1337 2608 1438 2673 his
1509 2608 1667 2674 locis
1739 2608 2173 2673 imitationem
2228 2627 2364 2675 non
2414 2609 2715 2691 agnovit,

573 2744 651 2789 eo
700 2724 908 2807 magis
956 2727 1334 2791 mirandum
1385 2728 1512 2804 est,
1566 2726 1747 2810 quod
1794 2727 1933 2810 ipse
1969 2746 2475 2810 nonnumquam
2507 2726 2718 2793 multo

572 2842 930 2908 faciliorem
995 2845 1285 2928 judicem
1358 2864 1428 2909 se
1497 2843 1806 2928 praebuit
1874 2845 1941 2909 et
2009 2844 2390 2909 imitationis
2450 2845 2720 2927 vestigia

565 2959 707 3044 jam
781 2962 1308 3045 deprehendisse*
1355 2981 1426 3028 se
1497 2963 1786 3046 putavit,
1860 2981 2011 3027 cum
2059 2963 2234 3027 idem
2282 2962 2554 3027 verbum
2603 2965 2718 3029 aut

515 3092 518 3097 ·
573 3080 853 3145 eandem
938 3082 1292 3146 verborum
1378 3081 1865 3165 copulationem
1944 3081 2123 3164 apud
2194 3080 2548 3162 Vergilium
2619 3082 2719 3148 vel

572 3196 907 3264 Catullum
974 3200 1302 3283 reperiret.
1425 3201 1529 3266 Ad
1587 3199 1982 3265 sententiam
2034 3217 2252 3263 meam
2305 3199 2719 3281 probandam

574 3316 777 3394 locOS,
829 3318 1070 3401 quihus
1116 3318 1402 3384 offensus
1451 3338 1631 3394 sum,
1687 3317 1957 3383 uberius
2008 3316 2322 3385 tractabO.

665 3434 830 3500 Ciris
863 3456 1054 3501 versu
1090 3438 1169 3502 81
1212 3436 1487 3501 verbum
1521 3435 1831 3519 expalmit
1854 3434 2185 3500 indicatur
2210 3436 2551 3517 tamquam
2574 3437 2716 3502 imi-

577 3554 893 3619 tationem
927 3555 1212 3637 prodens
1247 3554 1488 3620 Catulli
1523 3555 1647 3620 64:
1691 3555 1822 3619 100
1846 3601 1862 3634 ,
1890 3553 2005 3619 ubi
2029 3553 2206 3618 idem
2227 3552 2390 3617 illud
2414 3551 2722 3635 expalluit

576 3673 879 3738 occurrit.
946 3673 1077 3738 Sed
1115 3673 1269 3738 hinc
1309 3672 1568 3738 nullum
1616 3673 2083 3755 argumentum
2123 3672 2257 3756 peti
2296 3670 2547 3755 potest,
2596 3669 2722 3733 nisi

575 3792 831 3856 constet
879 3791 1004 3856 hoc
1051 3792 1326 3856 verbum
1377 3792 1606 3857 eadem
1629 3791 1957 3857 sententia
1981 3791 2162 3874 apud
2187 3790 2350 3856 alios
2374 3788 2721 3873 scriptores

576 3910 730 3975 ante
757 3909 944 3975 'Ciris
991 3910 1324 3994 scriptoris
1369 3911 1654 3975 aetatem
1702 3928 1839 3974 non
1876 3909 2165 3992 reperiri.
2218 3907 2457 3974 Confer
2497 3908 2719 3973 tamen

576 4027 796 4092 Plauti
844 4027 1035 4093 Curc.
1089 4029 1168 4108 2,
1224 4030 1301 4108 3,
1357 4029 1480 4108 32,
1530 4028 1837 4094 Auctoris
1886 4028 1972 4092 ad
2019 4027 2426 4092 Herennium
2459 4027 2537 4108 2,
2566 4026 2718 4091 5al.

669 4145 966 4211 Eandem
1037 4146 1123 4210 ob
1193 4164 1462 4211 causam
1533 4165 1701 4229 nego
1772 4146 2037 4229 poetam
2085 4145 2252 4211 Ciris
2298 4164 2376 4211 vs
2420 4146 2550 4211 261

778 4277 901 4338 Nec
941 4278 1167 4354 genitor
1201 4279 1371 4340 cordi
1412 4286 1531 4341 est:
1577 4282 1753 4341 ultro·
1778 4298 2035 4359 namque
2078 4280 2309 4341 odimus
2352 4298 2558 4342 omnes
