3392 5292
1565 614 1654 678 49

547 830 612 892 et
684 826 954 893 Ovidius
1019 826 1312 915 (Metam.
1381 826 1493 910 lv,
1547 828 1712 913 267)
1761 828 2043 894 &aridum
2090 830 2551 909 nominavere,
2601 850 2691 896 vs.

547 946 680 1010 225
753 946 1088 1029 epitheton
1159 946 1384 1012 viridis
1438 948 1667 1028 datur,
1722 949 1797 1012 ut
1844 949 2145 1013 auctores
2194 948 2421 1014 Graeci
2467 961 2699 1035 χλωρὸς

542 1084 664 1147 pro
710 1079 909 1151 ὠχρὸς
952 1084 1198 1148 ponere
1242 1066 1468 1131 solent.
1561 1066 1718 1131 Jure
1766 1065 1949 1148 Sillig
1995 1067 2172 1131 hisce
2212 1067 2396 1132 addit
2428 1087 2520 1132 vs,
2558 1067 2693 1130 252

542 1183 614 1247 in
697 1184 872 1255 tenni
954 1188 1213 1249 steterat
1296 1184 1620 1249 succincta
1700 1191 1977 1262 crocota,
2071 1187 2315 1268 putans
2394 1186 2695 1250 nostrum

544 1302 723 1384 apud
810 1302 1168 1383 Graecum,
1256 1322 1456 1387 quem
1537 1303 1956 1383 imitabatur,
2039 1305 2305 1386 poetam
2373 1303 2697 1369 invenisse

543 1418 676 1503 ἕοτη
731 1432 788 1485 ἐν
846 1438 1113 1508 κροκωτῷ
1160 1423 1224 1487 et
1272 1440 1533 1486 versum
1587 1422 1755 1502 106,
1808 1422 1923 1487 ubi
1971 1423 2233 1505 optimis
2281 1422 2462 1488 libris
2500 1422 2581 1487 H.
2610 1422 2691 1487 R.

543 1536 779 1603 ductus
849 1539 1200 1605 Alcathoae
1268 1559 1389 1623 pro
1461 1539 1766 1606 Alcathoi
1831 1542 2006 1606 recte
2054 1542 2361 1624 reposuit.
2462 1540 2696 1606 Cetera

542 1655 766 1720 autem
836 1659 1168 1741 exempla,
1221 1678 1392 1742 quae
1441 1656 1663 1739 affert,
1718 1659 1963 1724 nullius
2011 1660 2202 1743 pretii
2251 1660 2426 1724 sunt.
2524 1658 2695 1723 Nam

541 1792 803 1839 versum
903 1777 1033 1841 136
1120 1797 1466 1862 perperam
1535 1778 2004 1861 interpretatus
2076 1779 2209 1857 est,
2284 1778 2447 1842 vires
2510 1776 2695 1860 tiqris

541 1889 790 1957 Graeco
851 1893 962 1958 illo
1010 1908 1209 1968 σθένος
1237 1902 1586 1978 Ἡρακλέους
1630 1894 1970 1961 illustrans
2020 1896 2085 1960 et
2135 1913 2321 1960 versu
2380 1895 2508 1960 173
2559 1913 2695 1958 non

542 2009 700 2075 vidit
753 2030 1014 2077 causam
1068 2013 1280 2094 faeere
1325 2014 1366 2078 i.
1419 2032 1473 2079 e.
1528 2015 1788 2081 causari
1834 2034 1972 2079 non
2021 2013 2266 2080 Graeco
2316 2027 2479 2098 λόγον
2518 2024 2693 2079 ποιεῖν

539 2128 654 2192 sed
721 2146 1151 2214 προσποιεῖσθαι
1220 2132 1637 2214 respondere.
1736 2132 1934 2211 Quod
2010 2133 2091 2198 de
2153 2132 2450 2197 versibus
2519 2130 2691 2208 327,

539 2245 677 2310 484
733 2247 928 2326 dixit,
981 2268 1061 2312 ex
1107 2253 1416 2334 corrupto
1468 2252 1650 2316 textu
1701 2251 2050 2334 profluxit,
2102 2270 2301 2335 quem
2350 2250 2471 2314 viri
2519 2248 2694 2312 docti

539 2366 768 2447 postea
795 2369 1216 2433 sanaverunt.
1273 2370 1621 2435 Praeterea
1653 2371 1868 2435 exstat
1899 2371 2100 2454 atque
2131 2370 2409 2448 eminet,
2443 2368 2694 2452 quanto

540 2484 757 2549 studio
827 2487 1024 2568 poeta
1084 2487 1310 2552 noster
1356 2488 1600 2571 ubique
1648 2488 2085 2554 declinatione
2132 2487 2381 2554 Graeca
2430 2486 2691 2564 utatur,

540 2620 744 2685 quae,
821 2604 1075 2670 etiamsi
1144 2604 1229 2671 ab
1280 2606 1422 2672 aliis
1471 2606 1680 2689 poetis
1732 2606 2160 2686 adhibeatur,
2213 2607 2435 2671 tamen
2484 2602 2696 2667 multo

542 2720 751 2784 rarius
801 2723 980 2805 apud
1033 2742 1142 2788 eos
1190 2724 1474 2790 occurrit
1510 2743 1714 2807 quam
1752 2726 1931 2808 apud
1962 2725 2282 2790 nostrum.
2362 2724 2568 2808 Cujus
2601 2722 2693 2787 rei

542 2838 844 2921 exempla
888 2839 1093 2905 habes
1140 2841 1317 2905 hisce
1364 2842 1431 2906 in
1479 2842 1814 2907 versibus:
1852 2844 1937 2908 58
1988 2842 2199 2920 Ulixi,
2239 2843 2327 2908 66
2365 2841 2691 2922 Crataein,
2748 2854 2753 2859 '

550 2956 682 3020 112
730 2957 1031 3041 Polyidos
1081 2961 1145 3025 et
1192 2960 1350 3026 473
1383 2961 1603 3039 Delos,
1656 2961 1795 3026 463
1844 2961 2136 3027 Isthmon
2168 2963 2233 3027 et
2264 2961 2401 3027 476
2435 2962 2689 3040 Paron,

543 3072 679 3139 468
730 3076 1003 3143 Piraeea
1051 3079 1115 3143 et
1161 3079 1297 3143 535
1337 3078 1612 3159 Oriona,
1648 3099 1853 3164 quam
1885 3080 1970 3145 ob
2003 3099 2143 3145 rem
2173 3100 2269 3146 vs,
2314 3082 2443 3145 106
2482 3080 2691 3161 Sillig,

547 3192 621 3255 ut
669 3212 870 3277 supra
912 3195 1054 3279 jam
1103 3197 1272 3277 dixi,
1321 3197 1710 3279 Alcathoae,
1759 3218 1850 3265 vs,
1887 3200 2024 3264 204
2067 3200 2293 3283 Haupt
2324 3197 2695 3265 Haliaeetos

544 3310 610 3374 et
655 3310 989 3378 Baehrens
1038 3335 1130 3381 VS.
1186 3317 1319 3381 396
1358 3318 1710 3383 Leucothoe
1752 3318 1923 3382 recte
1964 3318 2405 3401 scripserunt,
2442 3334 2694 3399 egoque

546 3448 637 3494 vs,
708 3430 846 3496 475
900 3430 1191 3516 Cythnon
1240 3437 1306 3501 et
1352 3436 1488 3502 477
1541 3436 1856 3519 Seriphon
1903 3436 2115 3518 legere
2163 3437 2407 3503 malim.

639 3686 824 3767 Quae
897 3708 1047 3755 cum
1119 3692 1213 3759 ita
1281 3693 1449 3772 sint,
1523 3713 1719 3759 nemo
1798 3696 1957 3775 erit,
2026 3698 2141 3780 qui
2189 3696 2481 3775 dubitet,
2534 3697 2695 3781 quin

545 3808 740 3888 poeta
787 3807 894 3873 ille
942 3827 1115 3874 unus
1165 3830 1200 3875 e
1232 3831 1425 3895 grege
1457 3813 2058 3880 Alexandrinorum
2087 3817 2435 3898 poetarum
2474 3817 2693 3884 fuerit.

547 3923 687 3989 Hoc
761 3927 934 3991 enim
998 3933 1272 4013 apparet
1335 3932 1398 3996 et
1454 3951 1534 3997 ex
1580 3934 1991 4015 argumenti,
2041 3936 2221 4018 quod
2271 3938 2691 4003 tractandum

545 4043 669 4107 sibi
730 4048 1115 4129 sumpserit,
1173 4050 1414 4116 natura
1463 4052 1529 4116 et
1577 4070 1658 4115 ex
1707 4051 1942 4131 mod0,
1991 4072 2124 4136 quo
2173 4053 2345 4120 hanc
2394 4055 2690 4121 fabulam

543 4162 838 4227 versibus
886 4167 1205 4248 exposuit.

639 4280 836 4361 Quod
909 4286 980 4350 ut
1050 4286 1356 4369 liquidius
1427 4288 1810 4365 ostendam,
1868 4309 2081 4372 pauca
2129 4291 2234 4357 hic
2284 4293 2363 4357 de
2412 4293 2695 4358 Alexan-

2360 4408 2406 4476 4
