3392 5292
1760 578 1803 641 4

803 792 920 856 His
953 794 1164 857 verbis
1191 793 1378 857 dictis
1403 792 1639 857 Carme
1664 793 2083 857 vehementer
2105 792 2291 875 queri
2312 790 2537 873 incipit
2565 790 2849 855 Minoem

708 910 832 974 sibi
854 911 993 974 seni
1015 911 1254 975 iterum
1280 912 1418 977 tam
1443 912 1777 976 crudelem
1802 930 1871 975 se
1896 910 2295 994 praestitisse
2318 905 2444 996 (vs.
2465 906 2632 992 285)
2652 909 2853 991 atque

709 1030 906 1093 antea
953 1047 1104 1093 cum
1151 1029 1356 1094 filiam
1404 1029 1830 1095 Britomartin
1880 1029 2286 1113 perdidisset.
2360 1028 2603 1091 Verum
2652 1028 2813 1121 haec
2834 1075 2850 1105 ‚

708 1142 920 1225 inquit
965 1145 1188 1209 nutrix
1235 1143 1358 1231 (vs.
1407 1146 1589 1229 310),
1627 1147 1770 1211 tum
1803 1165 1936 1211 non
1970 1146 2062 1210 sic
2095 1144 2318 1227 gravia
2350 1145 2550 1228 atque
2583 1145 2853 1227 indigna

707 1260 923 1342 fuere,
991 1264 1170 1345 quod
1233 1282 1497 1329 omnem
1548 1283 1767 1329 meam
1816 1284 1999 1347 spem
2046 1265 2115 1329 in
2165 1265 2230 1329 te
2276 1264 2626 1346 ponebam.
2724 1263 2855 1328 Sed

710 1399 888 1445 nunc
951 1382 1148 1447 etiam
1211 1383 1276 1448 te
1321 1383 1616 1448 Fortuna
1662 1383 1944 1448 crudelis
1991 1382 2151 1447 mihi
2200 1382 2445 1447 ademit
2494 1382 2611 1465 (vs,
2664 1379 2849 1461 313).

707 1500 815 1565 An
863 1500 1107 1578 nesciS‚
1152 1520 1323 1583 quae
1364 1501 1547 1565 tenui
1579 1520 1729 1584 spes
1759 1501 1843 1566 sit
1875 1519 2194 1583 suspensa
2227 1499 2462 1583 capillo
2498 1499 2620 1587 (vs,
2662 1496 2857 1586 321).

710 1616 858 1682 Noli
914 1619 1173 1683 tantum
1219 1618 1472 1684 facinus
1522 1619 1659 1685 tam
1707 1620 2077 1685 inconsulte
2124 1619 2565 1699 committere3
2617 1636 2857 1683 conare

710 1735 929 1818 potius
978 1737 1150 1819 patri
1197 1738 1608 1821 persuadere,
1664 1740 1741 1804 ut
1787 1737 2039 1803 bellum
2083 1738 2443 1820 componat
2467 1737 2533 1803 et
2562 1738 2626 1803 te
2659 1736 2858 1801 Minoi

708 1856 992 1936 nuptum
1041 1855 1151 1921 det
1197 1857 1511 1923 incolumi
1558 1869 1781 1938 regno.

830 2054 1004 2128 Quod
1047 2056 1097 2116 si
1137 2074 1258 2116 non
1299 2056 1496 2133 aliqua
1537 2055 1757 2133 poteris
1797 2055 2023 2116 ratione
2062 2061 2367 2133 parentem

827 2161 1088 2222 Flectere
1110 2161 1242 2237 (sed
1263 2160 1509 2239 poteris:
1535 2160 1676 2237 quid
1695 2160 1855 2221 enim
1871 2180 1993 2221 non
2014 2160 2189 2221 unica
2209 2159 2396 2238 possit
2410 2158 2466 2235 Ρ)
2498 2158 2607 2234 (vs,
2631 2160 2859 2233 333--4)

830 2266 999 2326 Tunc
1039 2265 1234 2343 potius
1277 2272 1488 2324 conata
1527 2271 1630 2324 tua
1669 2270 1847 2341 atque
1888 2264 2121 2342 incepta
2159 2265 2405 2337 refert03

827 2370 1038 2447 Meque
1079 2372 1338 2447 deosque
1376 2369 1480 2429 tibi
1522 2369 1797 2444 comiteS‚
1844 2389 1979 2430 mea
2014 2370 2283 2444 alumna,
2328 2370 2558 2430 futuros

831 2474 1119 2536 Polliceor
1161 2474 1270 2550 (vs.
1313 2476 1428 2534 337
1439 2474 1596 2549 —9).

801 2666 1102 2732 Puellam
1149 2668 1251 2733 his
1299 2667 1567 2733 vocibus
1613 2667 1921 2749 pacatam
1957 2667 2054 2732 ori
2089 2658 2377 2732 obducta
2409 2666 2587 2731 veste
2622 2663 2859 2728 Carme

710 2786 1008 2869 consopit
1055 2786 1393 2869 totamque
1440 2805 1558 2870 per
1606 2786 1871 2851 noctem
1910 2786 2079 2850 lecto
2112 2785 2254 2869 ejus
2286 2782 2560 2865 vigilans
2593 2780 2851 2845 assidet.

707 2905 1029 2969 Postridie
1079 2906 1350 2970 nutricis
1395 2905 1763 2989 praeceptis
1810 2904 1994 2985 virgo
2042 2903 2231 2987 paret
2277 2900 2403 2989 (vs,
2452 2898 2615 2987 353)
2664 2899 2857 2964 sedu-

569 3074 574 3077 .
704 3024 900 3106 laque
947 3042 1173 3088 omnes
1220 3042 1454 3089 causas
1501 3025 1795 3090 nubendi
1847 3023 2026 3106 patri·
2071 3022 2357 3105 exponit.
2412 3018 2627 3085 Bonae
2680 3016 2859 3100 pacis

710 3142 888 3207 bona
968 3142 1233 3221 laudat,
1315 3142 1604 3225 pericula
1683 3142 1838 3207 belli
1912 3140 2217 3205 instantis
2280 3136 2605 3220 deping1t‚
2670 3153 2859 3200 men-

714 3260 898 3325 dacia
949 3260 1124 3343 turpi
1163 3260 1313 3325 dolo
1371 3261 1654 3327 conficta
1687 3260 1971 3341 invenit,
2007 3259 2167 3342 quin
2203 3257 2399 3323 etiam
2432 3255 2612 3320 vates
2644 3254 2861 3319 castos

711 3397 1132 3461 corrumpere
1164 3378 1365 3444 audet
1393 3380 1510 3463 (vs,
1537 3376 1726 3467 365).
1761 3380 1979 3445 Etiam
2002 3378 2226 3444 nutrix
2250 3374 2541 3460 parentis
2565 3374 2862 3439 animum

713 3498 913 3564 sacris
959 3496 1274 3562 faciendis
1321 3497 1583 3563 flectere
1631 3499 1948 3578 conatur,
1992 3498 2109 3563 sed
2141 3496 2364 3563 omnia
2396 3494 2641 3560 frustra
2674 3491 2857 3556 sunt:

913 3682 1104 3741 Tanta
1143 3687 1233 3741 est
1272 3679 1334 3740 in
1375 3699 1554 3758 parvo
1596 3680 1812 3743 fiducia
1853 3680 2012 3741 crine
2053 3711 2121 3723 —-·
2173 3711 2241 3721 —
2284 3678 2396 3754 (vs,
2438 3675 2603 3753 380).

809 3868 984 3933 Tum
1032 3885 1202 3933 anus
1250 3870 1336 3934 ad
1368 3870 1678 3936 alumnae
1708 3869 2046 3952 inceptum
2079 3868 2326 3933 sociam
2357 3884 2498 3931 sese
2532 3862 2861 3948 adjungit,

715 4002 851 4052 non
922 3986 1138 4052 solum
1185 3988 1364 4069 quod
1415 3990 1552 4054 tam
1598 3989 1929 4054 constanti
1977 3988 2186 4053 amori
2234 4002 2613 4051 succurrere
2661 3981 2862 4064 cupit,

716 4107 832 4171 sed
896 4107 1094 4171 etiam
1156 4106 1338 4189 quod
1363 4105 1451 4171 in
1503 4105 1771 4172 Cretam
1820 4125 2078 4172 reversa
2124 4104 2482 4187 aliquando
2530 4102 2599 4165 in
2645 4097 2861 4182 patrio
2956 4108 2960 4115 ·

716 4224 858 4289 solo
904 4244 973 4288 se
1021 4224 1354 4307 sepultum
1400 4224 1478 4287 iri
1526 4224 1763 4314 sperat.
1822 4222 1942 4310 (vs,
2000 4222 2180 4305 385).
