3392 5292
1676 550 1765 613 80

642 766 934 831 carmina
1003 764 1295 829 imitatus
1368 782 1508 827 esse
1578 763 1818 827 dicitur
1892 762 1998 851 (cf.
2068 764 2413 829 Voelcker:
2467 765 2547 830 de
2597 764 2794 830 Corn.

644 881 808 947 Galli
857 882 987 947 vita
1038 882 1102 947 et
1148 882 1406 965 scriptis
1450 882 1525 947 P.
1578 882 1636 946 II
1687 901 1748 963 p.
1811 882 1893 946 15
1945 880 2142 969 sqq.).

740 998 879 1064 Hoc
927 1000 1161 1065 saltem
1209 1002 1468 1066 constat
1514 1000 1948 1065 Parthenium
1999 1001 2057 1064 ei
2105 1000 2300 1066 fuisse
2333 1001 2798 1065 amicissimum

646 1118 835 1201 eique
907 1119 1350 1200 composuisse
1421 1116 1662 1182 librum
1682 1167 1697 1196 ‚
1774 1118 1888 1201 qui
1962 1128 2102 1202 Περὶ
2142 1131 2423 1201 ἐρωτικῶν
2463 1132 2796 1202 παθημάτων

644 1235 994 1318 inscriptus
1066 1236 1475 1300 narrationes
1547 1237 1906 1302 amatorias
1968 1237 2296 1313 continet,
2351 1256 2519 1320 quas
2569 1238 2799 1301 auctor

646 1373 723 1418 ex
817 1354 1141 1418 historicis
1214 1353 1281 1418 et
1351 1354 1563 1435 poetis
1634 1373 1838 1437 quam
1911 1355 2289 1419 brevissime
2359 1355 2650 1437 collegit,
2728 1356 2800 1420 ut

645 1469 868 1536 Gallus
917 1472 982 1536 et
1029 1470 1323 1551 fabulaS‚
1376 1490 1541 1553 quas
1590 1472 1890 1535 nonnulli
1941 1474 2174 1554 poetae
2207 1473 2553 1552 extremiS,
2591 1472 2666 1537 ut
2699 1472 2796 1537 di-

647 1588 851 1669 citur,
933 1589 1147 1671 digitis
1228 1590 1625 1671 attigerunt,
1713 1590 1946 1656 melius
2017 1584 2421 1672 intellegeret
2491 1592 2557 1656 et
2627 1610 2797 1673 quae

648 1726 877 1773 earum
944 1708 1228 1772 maxime
1301 1708 1424 1773 sibi
1496 1709 1870 1791 placerent,
1945 1709 2349 1774 carminibus
2412 1709 2688 1773 heroicis
2736 1709 2800 1774 et

649 1826 947 1907 elegiacis
996 1827 1325 1892 insereret.
1404 1826 1583 1891 Haec
1631 1827 1807 1891 enim
1853 1828 2075 1891 omnia
2107 1827 2418 1891 discimus
2452 1846 2532 1891 ex
2566 1827 2796 1907 verbiS‚

650 1944 890 2027 quibus
942 1945 1170 2010 auctor
1218 1944 1397 2009 hunc
1447 1944 1688 2009 librum
1738 1944 1924 2009 Gallo
1974 1945 2332 2013 dedicavit:

741 2078 1047 2149 Παρθένιος
1076 2076 1359 2151 Κορνηλίῳ
1379 2077 1568 2151 Γάλλῳ
1584 2069 1817 2151 χαίρειν.
1884 2076 2134 2132 Μάλιστα
2160 2097 2250 2131 σοι
2281 2078 2456 2131 δοκῶν
2488 2079 2799 2149 ἁρμόττειν,

652 2194 923 2269 Κορνήλιε
991 2196 1190 2263 Γάλλε,
1244 2199 1339 2268 τὴν
1392 2196 1639 2269 ἄθροισιν
1690 2203 1803 2251 τῶν
1862 2196 2140 2277 ἐρωτικῶν
2196 2199 2561 2269 παθημάτων,
2620 2197 2802 2251 ἀναλε-

650 2314 888 2383 ξάμενος
930 2318 1011 2377 ὡς
1050 2314 1136 2370 ὅτι
1172 2315 1411 2382 μάλιστα
1450 2316 1507 2369 ἐν
1547 2316 1932 2389 βραχυτάτοις
1973 2316 2300 2371 ἀπέσταλκα.
2382 2315 2458 2371 Τὰ
2498 2318 2610 2389 γὰρ
2648 2318 2801 2389 παρά

648 2455 761 2491 τισι
815 2442 924 2491 τῶν
975 2442 1214 2509 ποιητῶν
1252 2435 1471 2503 κείμενα
1512 2434 1755 2503 τούτων,
1793 2439 1869 2510 μὴ
1912 2436 2228 2498 αὐτοτελῶς
2271 2436 2601 2509 λελεγμένα,
2643 2456 2798 2491 κατα·

652 2557 869 2627 νοήσεις
920 2557 979 2609 ἐκ
1033 2557 1213 2610 τῶνδε
1267 2557 1336 2611 τὰ
1384 2556 1646 2623 πλεῖστα,
1693 2556 1855 2631 αὐτῷ
1891 2577 1954 2612 τε
1999 2554 2089 2611 σοὶ
2130 2559 2404 2629 παρέσται
2446 2556 2532 2619 εἷς
2571 2555 2676 2630 ἔπη
2716 2552 2804 2610 καὶ

653 2674 902 2748 ἐλεγείας
941 2677 1153 2749 ἀνάγειν
1198 2677 1257 2741 (P)
1298 2677 1368 2731 τὰ
1404 2677 1644 2743 μάλιστα
1683 2676 1753 2738 ἐξ
1794 2676 1978 2731 αὐτῶν
2021 2678 2297 2748 ἁρμόδια,
2338 2677 2483 2751 μηδὲ
2517 2678 2608 2731 διὰ
2635 2678 2700 2732 τὸ
2727 2679 2804 2749 μὴ

652 2798 908 2868 παρεῖναι
945 2800 1011 2851 τὸ
1051 2800 1307 2869 περιττὸν
1350 2798 1577 2865 αὐτοῖς,
1621 2800 1651 2852 ὃ
1697 2799 1767 2871 δὴ
1810 2796 1882 2851 σὺ
1921 2800 2192 2873 μετέρχῃ,
2234 2800 2430 2874 χεῖρον
2459 2794 2588 2869 περὶ
2619 2797 2800 2853 αὐτῶν

652 2917 929 2991 ἐννοηθῇς.
1014 2914 1212 2972 Ὃιονεὶ
1278 2918 1390 2990 γὰρ
1458 2917 1879 2991 ὑπομνηματίων
1945 2920 2150 2989 τρόπον
2221 2920 2371 2991 (ἡμῖν
2430 2914 2604 2980 add-P)
2661 2916 2802 2972 αὐτὰ

653 3034 1096 3103 συνελεξάμεθα,
1136 3033 1223 3091 καὶ
1262 3034 1351 3090 σοὶ
1392 3035 1505 3092 νυνὶ
1544 3040 1640 3109 τὴν
1665 3043 1868 3114 χρῆσιν
1901 3038 2125 3105 ὁμοίαν,
2157 3040 2238 3098 ὡς
2269 3036 2444 3103 ἔοικε,
2475 3035 2801 3109 παρέξεται.

746 3237 941 3319 Quod
990 3237 1075 3303 ad
1123 3236 1463 3306 Tiberium
1510 3242 1761 3321 attinet,
1815 3242 1979 3308 nulli
2013 3242 2408 3308 dubitationi
2441 3241 2802 3306 obnoxium

656 3360 785 3437 est,
864 3378 1016 3424 eum
1085 3378 1349 3442 quoque
1418 3360 1850 3427 Parthenium
1915 3380 2056 3425 esse
2103 3361 2458 3426 imitatum.
2555 3359 2807 3424 Diserte

660 3478 833 3543 enim
882 3477 1165 3543 testatur
1196 3476 1552 3544 Suetonius
1584 3479 1718 3545 Vit.
1750 3480 1899 3545 Tib.
1934 3500 1989 3546 c.
2030 3482 2142 3546 70:
2187 3480 2408 3545 „Fecit
2444 3476 2558 3567 (sc.
2601 3478 2800 3543 Tibe-

658 3597 815 3679 rius)
865 3598 928 3663 et
979 3596 1227 3663 Graeca
1272 3599 1581 3680 poemata
1626 3598 1922 3664 imitatus
1961 3598 2453 3681 Euphorionem
2487 3596 2566 3661 et
2597 3596 2801 3660 Rhia-

657 3734 820 3780 num
870 3718 937 3780 et
980 3715 1448 3793 Parthenium,
1497 3716 1739 3799 quibus
1771 3716 1980 3798 poetis
2013 3716 2374 3780 admodum
2411 3714 2803 3791 delectatuS,

656 3833 899 3916 scripta
939 3836 1237 3899 omnium
1272 3834 1341 3919 (l.
1384 3833 1639 3920 eorum)
1664 3835 1729 3900 et
1751 3834 2066 3917 imagines
2090 3832 2369 3916 publicis
2397 3833 2810 3898 bibliothecis

658 3952 831 4017 inter
847 3953 1096 4017 veteres
1114 3956 1178 4018 et
1194 3954 1583 4036 praecipuos
1600 3954 1865 4019 autores
1883 3951 2244 4017 dedicavit''
2256 3988 2370 4017 .—
2389 3952 2602 4031 Quem
2628 3952 2811 4016 illus-

660 4071 829 4135 trem
875 4070 1269 4136 imitatorem
1318 4073 1679 4154 permultos
1726 4072 2000 4137 lectores
2046 4071 2124 4135 iis
2173 4070 2584 4153 praebuisse,
2648 4068 2804 4135 inde

660 4186 871 4270 colligi
896 4169 1131 4271 potest,
1157 4190 1335 4270 quod
1360 4190 1718 4255 Suetonius
1734 4189 1939 4255 addit:
1977 4190 2079 4253 net
2093 4188 2179 4253 ob
2197 4188 2321 4253 hoc
2337 4189 2635 4273 plerique
2656 4204 2808 4255 eru-
