3392 5292
1408 1814 1787 1880 CAPUT
1860 1816 1946 1879 II.

1242 2036 1341 2119 De
1388 2036 1692 2120 Fabulae
1744 2036 2120 2121 Varietate.

703 2510 974 2575 Praeter
1036 2509 1331 2576 fabulam
1395 2512 1607 2594 capite
1673 2512 2090 2577 antecedenti
2156 2513 2532 2577 enarratam
2580 2531 2760 2577 com-

612 2628 831 2711 plures
879 2628 1046 2693 aliae
1094 2629 1176 2693 de
1223 2629 1439 2713 Scylla
1470 2649 1511 2695 a
1542 2630 1877 2695 veteribus
1910 2629 2284 2696 traduntur.
2338 2628 2507 2695 Cum
2538 2630 2763 2696 autem

610 2747 772 2811 mihi
855 2748 1312 2830 proposuerim
1378 2748 1639 2814 tantum
1697 2748 2041 2813 varietates
2100 2748 2497 2813 narrationis
2561 2767 2762 2831 supra

612 2865 944 2947 expositae
1007 2866 1313 2961 accurate
1391 2866 1801 2945 examinare,
1881 2886 2016 2931 non
2085 2886 2349 2932 necesse
2439 2867 2768 2932 videbitur

612 2986 835 3050 omnia
881 2985 1042 3050 haec
1089 2985 1438 3067 poetarum
1484 2984 1860 3049 commenta
1909 3003 2282 3068 recoquere.
2376 2984 2550 3050 Nihil
2588 2986 2765 3050 enim

489 3105 495 3110 '
611 3123 763 3168 cum
810 3104 1036 3169 nostra
1085 3102 1301 3186 Scylla
1347 3121 1700 3168 commune
1746 3102 2017 3169 habent.
2102 3102 2272 3168 Cum
2315 3103 2539 3168 autem
2570 3104 2765 3187 poeta

593 3222 832 3288 'noster
877 3223 1096 3289 studio
1145 3221 1528 3287 eruditionis
1553 3222 1989 3289 ostentandae
2021 3222 2234 3287 facere
2268 3241 2402 3287 non
2438 3223 2761 3305 potuerit,

610 3341 771 3423 quin
842 3341 1134 3423 quinque
1206 3340 1496 3405 diversas
1565 3339 1825 3405 fabulas
1888 3339 2465 3416 commemoraret,
2533 3337 2614 3403 de
2660 3339 2763 3403 his

612 3476 824 3541 pauca
873 3458 1110 3523 dicam.
1176 3458 1602 3523 Demonstrat
1647 3459 1846 3541 poeta
1893 3477 1985 3523 vs,
2038 3458 2128 3523 54
2176 3476 2299 3540 sqq
2358 3457 2765 3540 „complures

612 3595 887 3658 magnos
934 3566 1204 3659 poetas”
1244 3594 1492 3654 errare,
1528 3577 1641 3659 qui
1675 3576 1960 3659 Scyllam
1993 3576 2387 3657 Megaricam
2419 3576 2485 3640 et
2517 3574 2763 3640 Home-

616 3695 819 3759 ricam
866 3693 1271 3759 confundere
1316 3694 1572 3759 soleant
1622 3690 1705 3780 ¹).
2787 3683 2794 3689 ’

706 3813 757 3876 Ii
825 3813 1002 3878 enim
1073 3813 1420 3896 perhibent
1492 3812 1629 3878 Nisi
1687 3813 1903 3901 filiam·
1941 3832 2077 3878 non
2126 3813 2457 3878 mutatam
2506 3830 2647 3876 esse
2694 3812 2762 3875 in

613 3950 802 3996 avem
873 3929 1052 3995 Cirin
1124 3932 1240 3995 sed
1304 3931 1373 3995 in
1421 3931 1833 4012 monstrum,
1884 3931 2065 4014 quod
2112 3950 2345 3996 saxum
2395 3931 2766 4015 Scyllaeum

613 4047 924 4114 infestum
973 4049 1254 4115 reddens
1300 4069 1540 4115 navem
1589 4049 1797 4115 Ulixis
1846 4050 2177 4116 vexaverit
2229 4050 2500 4134 ejusque
2554 4048 2765 4114 socios

691 4303 728 4364 ¹)
763 4300 870 4370 Qui
908 4306 1097 4373 poetae
1133 4302 1233 4356 hoc
1268 4302 1323 4357 in
1364 4317 1587 4357 numero
1622 4300 1858 4357 habendi
1894 4301 2025 4368 sint,
2069 4300 2209 4356 infra
2243 4317 2363 4372 pag.
2401 4300 2469 4354 29,
2488 4314 2763 4372 exponam.
