3392 5292
1716 602 1801 665 70

687 816 1076 894 debeamuS,
1167 833 1341 880 cum·
1414 814 1704 897 quatuor
1773 814 2124 897 scriptores
2196 815 2387 879 nobis
2457 813 2599 881 noti
2667 815 2835 893 sint,

684 932 924 1018 quibus
970 931 1097 998 hoc
1144 951 1389 999 nomen
1438 930 1666 998 fuerit:
1723 927 1780 1018 1)

777 1053 1171 1118 Parthenius
1217 1051 1544 1117 Nicaenus
1590 1051 1693 1116 vel
1733 1051 1926 1135 juxta
1973 1051 2136 1117 alios
2181 1050 2590 1134 MyrleanuS,
2642 1050 2840 1136 poeta

686 1170 982 1249 illustris,
1050 1170 1164 1253 qui
1228 1168 1401 1234 bello
1449 1170 1890 1235 Mithridatico
1939 1170 2131 1235 tertio
2179 1169 2465 1234 Romam
2511 1166 2838 1233 adductus

687 1292 805 1357 est.
856 1327 946 1338 —
994 1286 1391 1355 Parthenius
1440 1288 1908 1369 grammaticus
1929 1336 1944 1367 ‚
2010 1307 2210 1370 quem
2257 1286 2534 1353 Neronis
2583 1287 2837 1370 tempo-

687 1407 868 1472 ribus
916 1407 1146 1471 vixisse
1194 1406 1451 1471 constat
1468 1453 1482 1476 ,
1536 1424 1689 1470 cum
1722 1405 2014 1489 Dionysii
2044 1405 2453 1487 grammatici
2485 1404 2841 1488 discipulus

686 1519 915 1597 fuerit,
965 1538 1165 1601 quem
1212 1518 1449 1588 Suidas
1497 1523 1623 1588 sub
1672 1521 1938 1589 Nerone
1986 1523 2287 1589 floruisse
2334 1523 2505 1589 dicit.
2544 1558 2634 1569 —
2674 1522 2838 1587 Par-

691 1637 952 1703 thenius
1021 1638 1377 1706 Phocensis
1397 1690 1413 1722 ,
1488 1642 1601 1724 qui
1620 1689 1635 1719 ,
1712 1643 1786 1707 ut
1850 1660 1930 1707 ex
1977 1630 2314 1724 Stephano
2363 1639 2725 1723 Byzantino
2775 1660 2834 1705 v.

686 1738 952 1825 Δεκέιὲτιοι
998 1759 1451 1841 cognoscimus
1470 1809 1485 1840 ,
1538 1759 1801 1825 saeculo
1837 1760 2076 1842 quarto
2109 1758 2282 1824 vixit.
2323 1795 2413 1806 —
2444 1758 2848 1853 Parthenius-

685 1872 923 1951 Chius,
999 1876 1384 1958 cognomine
1455 1890 1628 1955 Χαός,
1700 1878 1848 1960 qui,
1916 1877 2080 1942 teste
2129 1876 2366 1956 Suida‚
2433 1886 2686 1962 Ὃμήρου
2736 1888 2838 1953 (δὲ)

684 2004 749 2077 ἦν
800 2007 1073 2078 ἀπόγονος
1121 1994 1188 2059 et
1234 1995 1315 2059 de
1365 1995 1551 2078 patre
1601 2014 1724 2061 suo
1772 1972 2092 2060 Thestore
2139 1994 2414 2076 scripsit.

782 2109 1153 2188 Quemnam
1223 2111 1654 2177 Parthenium
1727 2113 1952 2178 autem
2024 2110 2408 2177 Eustathius
2477 2110 2544 2176 ll.
2622 2110 2833 2192 dicat,

686 2229 884 2313 hujus
932 2230 1026 2294 rei
1073 2228 1279 2295 facilis
1328 2231 1394 2295 et
1440 2232 1749 2314 prompta
1798 2231 1896 2296 est
1945 2229 2298 2313 responsio,
2385 2229 2623 2295 Suidas
2665 2230 2838 2294 enim

684 2346 811 2411 Sub
881 2366 1039 2411 voce
1111 2357 1349 2432 Νέστωρ
1422 2348 1660 2414 diserte
1709 2349 1902 2415 dicit:
1953 2360 2176 2435 ἔγραφε
2217 2359 2281 2414 δὲ
2322 2357 2838 2431 Μεταμορφώσεις,

691 2476 879 2545 ὥςπερ
930 2471 1017 2529 καὶ
1074 2475 1383 2548 Παρθένιος
1425 2481 1455 2532 ὁ
1499 2476 1776 2541 Νικαιεύς.
1827 2467 1874 2549 ²)
1955 2467 2174 2547 Quam
2221 2466 2555 2549 praeclare
2604 2465 2842 2548 Heynii

688 2582 1065 2666 conjectura
1136 2582 1263 2647 hoc
1334 2583 1576 2649 Suidae
1648 2586 2020 2651 testimonio
2070 2584 2530 2650 confirmatur!
2628 2583 2838 2649 Nemo

689 2700 865 2764 enim
936 2700 1421 2767 Alexandrinus
1475 2679 1665 2786 ’apud
1716 2706 1945 2787 poetas
1992 2676 2260 2769 Latinos
2308 2704 2564 2768 tantam
2610 2704 2841 2768 aucto-

688 2818 952 2884 ritatem
1023 2818 1293 2900 habuit,
1379 2822 1632 2903 quanta
1704 2822 2062 2887 Parthenio
2133 2820 2421 2887 Nicaeno
2493 2820 2630 2885 fuit.
2753 2820 2844 2885 Ut
2950 2831 2953 2835 '

690 2937 912 3002 autem
962 2939 1315 3020 appareat,
1374 2942 1704 3023 quantum
1751 2940 1858 3005 ille
1905 2941 2161 3005 Romae
2208 2940 2598 3005 auctoritate
2644 2941 2841 3022 potu-

693 3055 851 3133 erit,
926 3055 1087 3119 mihi
1157 3056 1348 3121 liceat
1420 3076 1560 3122 rem
1633 3058 1828 3123 altius
1897 3058 2192 3141 repetere
2252 3059 2452 3141 atque
2501 3076 2805 3121 enarrare
2824 3108 2840 3137 ‚

691 3192 861 3255 quae
912 3173 994 3238 de
1042 3192 1119 3238 eo
1165 3174 1425 3259 cognita
1474 3155 1622 3240 sint.
1702 3176 1880 3241 Haec
1930 3177 2218 3241 maxima
2267 3195 2347 3240 ex
2381 3176 2566 3258 parte
2600 3175 2844 3240 Suidae

694 3291 1032 3357 debemus,
1132 3292 1194 3356 Is
1257 3293 1481 3357 autem
1528 3312 1650 3358 nos
1700 3294 1890 3360 docet
1936 3294 2368 3359 Parthenium
2415 3294 2716 3358 nostrum
2765 3312 2846 3357 ex

692 3408 1037 3475 Heraclide
1086 3411 1151 3475 et
1198 3409 1465 3476 Eudora
1513 3411 1680 3491 sive,
1733 3413 1810 3478 ut
1856 3413 2256 3496 Hermippus
2290 3411 2587 3496 putaret,
2630 3411 2844 3476 Theta

692 3528 927 3592 natum
1002 3548 1159 3595 esse.
1262 3530 1364 3595 Ad
1433 3532 1718 3614 patriam
1789 3530 1976 3615 quod·
2033 3531 2270 3596 attinet
2313 3530 2486 3595 idem
2534 3528 2845 3595 Nicaeam
2967 3529 2973 3535 ’

692 3648 826 3712 sive
898 3647 1215 3730 Myrleam
1285 3647 1470 3727 dicit,
1548 3650 1730 3731 quod
1798 3649 2091 3715 Meineke
2148 3650 2407 3731 Fragm.
2458 3647 2638 3714 Alex.
2693 3666 2839 3730 pag.

768 3882 805 3945 ¹)
840 3878 923 3933 Cf.
958 3880 1012 3937 J.
1047 3881 1111 3938 G.
1149 3881 1332 3938 Vossii
1367 3881 1433 3937 de
1470 3880 1617 3938 Hist.
1653 3880 1873 3937 Graecis
1907 3879 2020 3937 Lit.
2055 3879 2116 3936 II
2136 3879 2266 3952 Cap.
2304 3880 2354 3947 1,
2379 3879 2480 3935 Ed.
2509 3879 2674 3937 Blaeu
2704 3880 2845 3937 1699

732 3992 763 4028 a
804 4017 813 4026 .
854 3975 973 4029 106.

694 3993 729 4045 p
763 3992 1017 4126 {deineke
1051 4072 1207 4127 Anal.
1242 4073 1396 4128 Alex.
1433 4090 1552 4144 pag.
1592 4073 1693 4127 255
1733 4090 1876 4145 sqq„
1915 4088 2033 4143 pag.
2071 4071 2203 4137 293,
2243 4070 2350 4125 264
2385 4073 2442 4126 et
2476 4070 2598 4130 2¹70.

767 4164 806 4229 ²)
845 4165 1061 4221 Suidam
1100 4167 1241 4223 idem
1280 4166 1345 4221 de
1380 4167 1671 4234 Parthenio
1707 4167 1839 4223 Chio
1877 4167 2102 4235 testari,
2137 4166 2304 4222 errori
2337 4165 2710 4238 imputandum
2747 4168 2845 4221 est.

697 4259 778 4315 Of.
818 4259 1068 4317 Meineke
1102 4261 1258 4319 Anal.
1293 4261 1450 4318 Alex.
1486 4280 1538 4334 p.
1576 4261 1697 4321 270.
