3392 5292
1557 626 1641 691 19

619 842 916 907 Transeo
985 842 1072 907 ad
1143 842 1488 907 varietates
1561 842 1642 906 de
1714 843 1977 925 virginis
2026 844 2204 909 exitu
2223 895 2239 923 ,
2292 863 2426 927 qua
2473 844 2556 909 de
2602 864 2673 910 re

526 959 698 1025 inter
741 961 1089 1043 scriptores
1137 962 1384 1025 veteres
1430 979 1563 1025 non
1612 960 1830 1027 minor
1878 962 2194 1027 dissensio
2243 963 2361 1027 est.

619 1080 768 1143 Jam
815 1078 975 1163 Cap.
1039 1080 1069 1143 I
1117 1079 1317 1145 verbo
1365 1080 1755 1157 memoravi,
1812 1099 1984 1163 quae
2030 1082 2253 1146 noster
2299 1080 2426 1145 hac
2474 1080 2557 1145 de
2605 1099 2677 1145 re

528 1197 872 1279 scripserit.
971 1198 1162 1275 Loci,
1233 1199 1348 1281 qui
1409 1198 1539 1263 huc
1585 1200 1921 1282 spectant,
1974 1200 2129 1264 sunt
2183 1218 2274 1265 vs.
2328 1198 2459 1263 481
2505 1191 2673 1281 sqq:

888 1368 1004 1428 tale
1045 1368 1224 1429 decus
1265 1368 1492 1429 formae
1530 1368 1796 1432 vexarier
1837 1368 1996 1429 auris

729 1472 865 1532 Non
907 1473 1039 1533 tulit
1076 1493 1147 1533 ac
1187 1472 1436 1534 miseros
1476 1473 1724 1535 mutavit
1762 1473 2000 1551 virginis
2041 1481 2203 1536 artus

730 1576 1015 1637 Caeruleo
1055 1578 1281 1655 pollens
1322 1578 1580 1639 coniunx
1618 1579 1916 1657 Neptunia
1954 1598 2153 1657 regno,

735 1680 854 1741 Sed
872 1688 1071 1742 tamen
1091 1688 1392 1743 aeternam
1410 1684 1541 1762 (leq.
1559 1684 1891 1758 aeternum)
1913 1682 2175 1761 squamis
2193 1680 2406 1742 vestire
2426 1680 2681 1759 puellam

732 1786 1072 1864 Invisosque
1111 1786 1262 1848 inter
1303 1794 1568 1848 teneram
1609 1788 1977 1850 committere
2018 1788 2209 1866 pisces

736 1891 872 1951 Non
912 1891 1114 1954 statuit
1155 1892 1432 1969 (nimium
1474 1900 1562 1953 est
1602 1892 1841 1954 avidum
1881 1913 2061 1971 pecus
2078 1887 2083 1892 ’
2102 1890 2545 1971 Amphitrites)z

735 1996 925 2057 Aeriis
966 1997 1162 2075 potius
1203 1998 1518 2059 sublimem
1561 1998 1796 2059 sustulit
1837 1998 1945 2059 alis
1964 2044 1979 2074 ‚

734 2102 905 2163 Esset
944 2108 1012 2164 ut
1051 2102 1324 2181 in„terris
1368 2102 1507 2163 facti
1548 2103 1620 2163 de
1661 2105 1901 2165 nomine
1944 2103 2109 2177 ciriS,

740 2210 891 2272 Ciris
934 2210 1250 2289 Amyclaeo
1293 2212 1610 2273 formosior
1650 2230 1861 2274 ansere
1900 2210 2111 2271 Ledae.

537 2342 651 2407 sed
699 2342 989 2427 Jupiter,
1039 2346 1132 2411 ita
1181 2344 1454 2428 legimus
1502 2366 1574 2415 vs
1623 2346 1758 2409 522
1811 2362 1968 2426 sqq:

740 2483 1088 2547 Commotus
1128 2486 1308 2546 talem
1348 2487 1425 2546 ad
1464 2503 1713 2563 superos
1752 2481 1992 2543 volitare
2032 2481 2317 2559 puellam,

745 2588 898 2650 Cum
938 2597 1104 2669 pater
1145 2590 1436 2651 extinctus
1479 2609 1654 2650 caeca
1696 2590 1807 2650 sub
1848 2594 2021 2648 nocte
2060 2588 2295 2659 lateret,

743 2693 829 2753 Illi
868 2713 977 2772 pro
1019 2694 1234 2773 pietate
1276 2714 1384 2756 sua
1468 2736 2085 2755 .......

741 2902 1015 2965 Reddidit
1055 2910 1329 2982 optatam·
1357 2910 1584 2964 mutato
1627 2921 1875 2980 corpore
1915 2900 2095 2961 vitam

737 3007 1015 3086 Fecitque
1055 3008 1117 3069 in
1157 3008 1328 3069 terris
1369 3008 1653 3069 haliaetos
1695 3008 1817 3068 ales
1858 3012 1924 3067 ut
1964 3011 2139 3067 esset.

739 3111 892 3173 Huic
933 3132 1071 3175 vero
1112 3113 1364 3175 miserae
1448 3156 1869 3174 .....

745 3216 946 3278 Infesti
987 3218 1261 3297 apposuit
1303 3218 1505 3279 odium
1545 3216 1781 3279 crudele
1822 3216 2103 3295 parentis,
2198 3220 2201 3223 ’

636 3346 719 3413 Et
789 3349 934 3415 tum
1003 3351 1299 3433 sequitur
1367 3351 1482 3430 illa
1550 3353 1785 3433 arguta
1850 3348 2254 3437 comparatio
2296 3347 2439 3431 jam
2488 3364 2690 3428 supra

546 3464 848 3546 laudata,
897 3487 1032 3550 qua
1078 3471 1274 3551 poeta
1321 3470 1630 3553 graphice
1678 3468 1883 3535 oculis
1929 3466 2207 3552 subjicit,
2253 3485 2456 3549 quam
2488 3464 2688 3547 perti·
2750 3553 2753 3554 ἢ

547 3583 694 3647 naci
740 3584 890 3650 odio
939 3585 1281 3653 Haliaetus
1330 3587 1508 3653 Cirin
1557 3588 2007 3673 persequatur.

639 3700 932 3766 Eandem
982 3703 1624 3772 transformationem
1671 3708 1741 3772 in
1789 3708 2010 3772 animo
2056 3704 2293 3770 habuit
2340 3702 2690 3784 Vergilius,

548 3836 700 3882 cum
771 3820 1002 3904 Georg.
1073 3824 1103 3887 I
1171 3824 1310 3889 404
1384 3844 1505 3907 sqq
1559 3824 1731 3890 inter
1778 3822 2117 3906 praesagia
2154 3820 2521 3887 serenitatis
2568 3820 2693 3885 hoc

548 3953 813 4020 quoque
858 3943 1288 4007 memoraret:

747 4075 1009 4157 Apparet
1046 4080 1267 4159 liquido
1309 4081 1576 4143 sublimis
1616 4082 1678 4142 in
1718 4087 1854 4143 aere
1895 4083 2074 4144 Nisus
2088 4127 2103 4157 ‚

749 4180 822 4259 Et
861 4203 970 4261 pro
1010 4204 1307 4264 purpureo
1348 4207 1568 4265 poenas
1611 4189 1710 4248 dat
1752 4187 1944 4266 Scylla
1986 4187 2228 4266 capillo:

753 4286 1142 4368 Quacumque
1183 4292 1282 4352 illa
1318 4293 1507 4355 levem
1549 4291 1778 4371 fugiens
1822 4299 1981 4353 secat
2023 4293 2260 4354 aethera
2299 4291 2530 4370 pinniS‚
