3392 5292
1659 644 1735 707 11

626 855 826 920 tradit
870 854 978 941 (cf.
1028 875 1176 939 pag.
1230 855 1353 945 21)
1389 860 1514 923 nisi
1546 859 1726 942 quod
1758 859 1864 923 hic
1896 878 2017 942 pro
2048 860 2214 924 mari
2235 908 2250 937 ‚
2286 860 2354 923 in
2388 877 2521 942 quo
2554 858 2771 942 Scylla
2821 869 2828 875 ’

625 993 863 1056 corpus
903 973 1182 1055 lavaret,
1218 974 1468 1041 fontem
1501 977 1945 1060 Amphitriten
1979 995 2230 1041 veneno
2264 975 2559 1042 infecisse
2593 977 2766 1042 dicit.

712 1090 1098 1173 Fulgentius
1167 1094 1311 1159 loco
1334 1142 1351 1173 ,
1425 1113 1625 1177 quem
1694 1095 1893 1160 modo
1942 1094 2439 1177 descripsimus,
2490 1094 2769 1160 eandem

621 1210 1266 1277 transformationem
1317 1212 1532 1277 tradit.
2500 1226 2504 1230 ’

712 1326 961 1393 Ultima
1030 1327 1292 1396 fabulae
1321 1386 1333 1397 .
1362 1332 1677 1411 varietaS,
1753 1334 1942 1417 cujus
2004 1332 2228 1397 noster
2284 1330 2767 1414 Palaephatum
2882 1336 2891 1341 ’

619 1447 954 1513 auctorem
987 1447 1208 1529 affert,
1243 1449 1442 1532 plane
1474 1452 1775 1533 congruit
1808 1470 1959 1517 cum
1994 1452 2072 1516 iis
2094 1502 2109 1529 ,
2149 1468 2320 1533 quae
2355 1450 2534 1533 apud
2557 1449 2769 1514 Hera-

619 1562 846 1628 clitum
898 1564 1037 1629 „De
1082 1566 1610 1633 incredibilibus”
1662 1568 1820 1653 Cap.
1872 1570 1931 1634 Π
1979 1569 2318 1651 leguntur:
2379 1580 2594 1652 λέγεται
2643 1576 2773 1652 περὶ

619 1691 828 1765 ταύτης
893 1682 1212 1768 (Scyllam
1270 1685 1454 1769 dicit)
1512 1696 1598 1753 ὅτι
1645 1702 1905 1771 κατήσθιε
1951 1696 2088 1761 τοὺς
2130 1699 2561 1771 παραπλέοντας.
2598 1698 2663 1770 ἦν
2706 1696 2771 1751 δὲ

622 1812 763 1885 αὕτη
801 1819 1060 1885 νησιῶτις
1095 1816 1227 1887 καλὴ
1265 1815 1487 1888 ἑταήοα,
1521 1812 1609 1870 καὶ
1644 1814 1706 1870 εἴ
1695 1834 1765 1890 χε
1807 1815 2157 1888 παρασίτους
2199 1813 2429 1882 λοιμούς
2468 1801 2772 1890 (forfasse

619 1904 894 1990 λυγρούς)
935 1935 998 1970 τε
1033 1913 1120 1970 καὶ
1157 1918 1439 1983 κυνώὃεις,
1475 1912 1596 1983 μεθ’
1633 1916 1709 1971 ὧν
1744 1914 1881 1978 τοὺς
1911 1916 2111 1978 Ξένους
2146 1921 2451 1990 κατήσθιεν,
2481 1919 2538 1972 ἐν
2575 1915 2663 1980 οἷς
2684 1917 2771 1974 καὶ

621 2014 756 2078 τοὺς
783 2012 1113 2079 Ὀδυσσέως
1147 2018 1434 2089 ἑταίρους·
1475 2018 1644 2074 αὐτὸν
1681 2018 1747 2073 δὲ
1785 2022 1867 2080 ὡς
1910 2023 2179 2090 φρόνιμον
2217 2019 2318 2073 οὐκ
2351 2021 2617 2094 ἠδυνήθη,
2644 2020 2681 2083 ¹)

712 2122 888 2187 Num
935 2124 1379 2208 Palaephatus
1427 2126 1698 2209 quidam
1746 2126 1939 2191 simili
1984 2125 2184 2191 modo
2234 2124 2530 2190 fabulam
2563 2126 2766 2190 inter-

620 2242 920 2325 pretatus
989 2243 1105 2320 sit,
1183 2263 1318 2309 non
1391 2244 1670 2310 constat.
1768 2244 2082 2328 Superest
2152 2244 2420 2327 quidem
2482 2244 2768 2309 auctoris

617 2378 694 2424 eo
765 2360 1032 2425 nomine
1102 2360 1362 2427 libellus
1427 2373 1555 2448 περὶ
1592 2376 1836 2431 ἀπίστων
1900 2362 2254 2445 inscriptus
2280 2410 2296 2440 ,
2365 2362 2482 2428 sed
2529 2362 2600 2426 in
2641 2362 2767 2427 hoc

617 2478 935 2561 opusculo
983 2478 1112 2544 tale
1159 2480 1319 2562 quid
1366 2499 1501 2545 non
1551 2482 1854 2546 occurrit,
1920 2482 2154 2559 Imm0‚
2210 2498 2351 2563 cap.
2406 2480 2487 2545 ,021
2545 2478 2769 2545 fabula

619 2595 700 2660 de
769 2598 1066 2661 monstro
1114 2597 1330 2682 Scylla
1378 2600 1522 2663 orta
1570 2618 1713 2664 esse
1761 2599 2042 2665 traditur
2088 2615 2169 2662 ex
2214 2597 2626 2677 narratione,
2679 2597 2765 2662 ab

618 2714 806 2779 Ulixe
867 2714 1141 2780 Alcinoo
1206 2713 1378 2778 facta
1396 2761 1414 2791 ‚
1488 2714 1823 2797 quomodo
1873 2713 2138 2796 quidem
2187 2711 2483 2794 effugerit
2528 2730 2767 2777 navem

619 2833 1113 2917 Tyrrhenorum
1161 2832 1503 2917 piraticam
1522 2880 1537 2911 ,
1588 2833 1694 2897 cui
1741 2831 1997 2916 Scyllae
2044 2831 2213 2896 esset
2257 2850 2521 2897 nomen.
2616 2830 2765 2897 Non

619 2949 897 3015 dubium
943 2950 1166 3015 tamen
1215 2951 1393 3015 hunc
1437 2949 1737 3015 libellum
1784 2930 2117 3033 epitomen
2166 2968 2340 3029 esse,
2376 2947 2654 3014 fortasse
2686 2967 2767 3013 ex

618 3068 867 3152 majore
892 3087 1089 3151 opere
1113 3068 1529 3151 desumptam
1546 3119 1561 3146 ,
1608 3068 1797 3151 cujus
1821 3067 2059 3132 Suidas
2083 3067 2486 3132 mentionem
2511 3066 2683 3131 facit.
2712 3065 2767 3149 ²)

619 3186 680 3250 Is
743 3186 918 3251 enim
979 3187 1267 3269 quatuor
1313 3186 1658 3269 scriptores
1708 3187 1975 3251 nomine
2021 3184 2408 3267 Palaephati
2455 3183 2764 3279 afferenS,

625 3303 782 3369 dicit
843 3303 1325 3388 Palaephatum
1384 3304 1655 3369 Parium
1720 3303 1820 3369 vel
1861 3304 2051 3388 juxta
2098 3302 2262 3405 alios
2308 3301 2766 3380 Prienensem,

619 3422 964 3506 aequalem
994 3423 1372 3489 Artaxerxis
1396 3423 1729 3505 scripsisse
1752 3433 1994 3489 ἀπίστων
2019 3433 2207 3503 βιβλία
2228 3433 2297 3487 ε’.
2348 3418 2518 3484 Cum
2542 3420 2765 3485 autem

619 3541 856 3607 Suidas
910 3542 1049 3625 ipse
1107 3541 1311 3607 addat
1358 3541 1520 3606 alios
1566 3541 1743 3605 hunc
1790 3539 2035 3604 librum
2083 3538 2489 3621 Palaephato
2539 3556 2764 3603 recen-

618 3659 798 3738 tiori,
853 3661 1281 3742 grammatico
1327 3659 1714 3725 Atheniensi
1760 3658 1863 3723 vel
1908 3657 2228 3741 Aegyptio
2264 3657 2582 3734 tribuere,
2623 3656 2766 3721 fieri

621 3777 837 3859 potest
899 3779 972 3843 ut
1033 3777 1324 3857 libellus,
1391 3796 1590 3860 quem
1638 3795 1761 3841 nos
1807 3776 2154 3852 habemus,
2210 3775 2451 3840 falsum
2499 3775 2765 3840 titulum

622 3893 806 3991 ferat⁴
847 3897 1046 3979 atque
1094 3895 1375 3979 epitome
1424 3896 1507 3961 sit
1555 3914 1634 3960 ex
1682 3894 1881 3978 hujus
1928 3894 2317 3977 Palaephati
2362 3893 2529 3961 libro
2577 3904 2767 3966 λύσεις

696 4202 730 4258 1)
771 4192 854 4248 Cf.
898 4192 1296 4249 Westermannz
1333 4192 1715 4266 Mythographi
1749 4193 1939 4249 Graeci
1977 4194 2114 4248 1843
2150 4210 2268 4265 pag.
2305 4194 2425 4248 313.

694 4292 733 4354 2)
770 4288 851 4343 cf.
892 4288 1267 4345 Westermann
1308 4288 1364 4344 in
1401 4288 1558 4344 Pauli
1593 4288 1812 4361 Encycl.
1854 4288 1900 4343 V
1936 4308 1987 4361 p.
2024 4289 2181 4347 1069.
