3392 5292
1590 618 1719 683 103

576 832 815 896 codicis
903 832 999 909 H,
1086 834 1199 897 ubi
1287 853 1491 899 manu
1579 834 1787 899 altera
1861 835 2044 900 valde
2115 811 2518 920 adscriptum
2593 842 2725 917 est,

577 948 732 1015 olim
802 949 1013 1015 valido
1075 952 1369 1034 conjecit.
1471 952 1600 1017 Sed
1668 972 1886 1035 neque
1957 933 2083 1019 hoc
2131 973 2346 1037 neque
2393 957 2573 1038 quod
2621 957 2728 1020 alii

573 1069 1073 1163 proposuerunt
1102 1070 1262 1134 mihi
1295 1070 1525 1153 placet.
1598 1071 1837 1136 Veram
1874 1072 2265 1155 scripturam
2299 1094 2405 1138 me
2439 1076 2731 1139 elicuisse

574 1186 769 1251 credo
865 1186 1029 1251 lento
1123 1163 1613 1268 restituentem,
1712 1208 1846 1271 qua
1942 1209 2098 1255 voce
2196 1193 2419 1255 noster
2498 1194 2729 1256 eodem

526 1298 529 1301 ’
574 1322 770 1369 sensu
832 1324 989 1369 usus
1054 1325 1192 1370 esse
1256 1306 1416 1370 mihi
1484 1306 1769 1385 videtur,
1836 1327 1969 1390 quo
2020 1308 2292 1373 Ovidius
2341 1309 2490 1374 Met.
2545 1289 2724 1387 XIV,

578 1423 701 1487 761
784 1443 895 1505 sq:
976 1425 1257 1507 Quorum
1318 1444 1584 1501 memor,
1640 1446 1676 1491 o
1729 1446 1900 1503 mea,
1959 1426 2157 1491 lentos
2195 1400 2411 1503 Ῥοηε,
2469 1442 2724 1509 precor,

572 1541 817 1622 fastus,
870 1543 993 1606 etc.
2579 1532 2584 1535 ¹

667 1659 847 1725 Haec
895 1680 1044 1726 mea
1093 1662 1421 1726 sententia
1469 1662 1922 1738 confirmatur,
1976 1665 2048 1727 ut
2082 1664 2334 1754 opinor,
2365 1664 2593 1729 eodem
2621 1665 2730 1729 illo

572 1776 783 1858 valde,
850 1774 1031 1862 quod
1098 1798 1178 1843 ex
1239 1780 1449 1845 valido
1498 1780 1756 1857 ortum,
1808 1781 1882 1846 ut
1929 1780 2262 1846 Baehrens
2310 1782 2483 1847 recte
2532 1783 2724 1859 vidit,

572 1895 894 1977 glossema
941 1899 1118 1964 vocis
1168 1898 1333 1965 lento
1383 1900 1563 1983 puto.

1370 2066 1476 2131 Vs.
1529 2065 1924 2131 418—420.

770 2229 823 2289 N
829 2250 903 2289 on
948 2230 1223 2309 equidem
1263 2246 1368 2292 me·
1401 2231 1516 2291 alio
1558 2250 1806 2309 possum
1848 2233 2200 2292 contendere
2243 2231 2478 2307 dignam

774 2333 1074 2412 Supplicio
1093 2381 1107 2407 ,
1152 2337 1312 2413 quod
1356 2336 1440 2396 sic
1483 2335 1737 2413 patriam
1780 2354 2068 2414 carosque
2110 2343 2350 2414 penates

774 2436 1057 2497 Hostibus
1093 2438 1421 2516 immitique
1461 2438 1657 2498 addixi
1700 2437 1905 2514 ignara
1945 2444 2212 2514 tyranno,

640 2560 756 2625 (Vs.
809 2562 915 2616 418
970 2562 1254 2619 cotendere
1309 2562 1366 2617 H
1420 2568 1447 2628 ΙΙ
1506 2582 1581 2618 vs.
1638 2563 1742 2619 420
1800 2562 1979 2618 addixi
2019 2563 2061 2618 L
2099 2582 2158 2618 a:
2202 2564 2345 2620 adixi
2381 2565 2437 2621 H
2474 2566 2634 2622 aduxi
2670 2567 2722 2623 R

570 2654 767 2711 adduxi
801 2658 881 2717 A.)

662 2808 1075 2874 Vocabulum
1148 2800 1383 2893 iynaffa
1454 2810 1571 2891 (vs,
1646 2804 1818 2893 420)
1869 2809 2260 2873 mendosum
2311 2831 2449 2875 esse
2496 2815 2720 2878 certis-

570 2922 811 2990 simum
860 2928 973 2991 est.
1045 2927 1259 3010 Scylla
1308 2928 1481 2991 enim
1530 2927 1728 3010 plane
1775 2944 1934 2991 suae
1981 2926 2258 3009 injuriae
2305 2929 2427 2994 sibi
2460 2932 2721 2996 conscia

571 3046 729 3109 erat.
828 3045 984 3110 Mihi
1051 3047 1118 3110 in
1174 3046 1464 3110 mentem
1513 3046 1689 3109 venit
1735 3046 2003 3121 insana,
2058 3046 2174 3110 sed
2221 3066 2448 3112 verum
2492 3049 2716 3114 Maeh-

570 3161 729 3225 lium
777 3183 989 3246 ynam
1034 3161 1359 3244 legentem
1408 3163 1768 3227 restituisse
1818 3164 1966 3228 vidi.

1482 3331 1585 3395 Vs.
1639 3330 1801 3396 438.

770 3493 905 3554 Non
947 3494 1091 3555 mihi
1133 3496 1251 3555 iam
1292 3494 1492 3572 pingui
1533 3495 1830 3554 sudabunt
1869 3502 2139 3571 tempora
2179 3496 2432 3570 myrrha.

664 3652 810 3716 Non
890 3670 1028 3715 esse
1099 3650 1388 3727 videtur,
1462 3649 1643 3731 quod
1716 3668 1868 3714 cum
1939 3648 2338 3713 Baehrensio
2385 3650 2718 3715 stillabunt

573 3789 692 3851 pro
740 3767 1008 3849 vulgata
1055 3767 1332 3832 lectione
1380 3765 1705 3831 sudabunt
1748 3766 2098 3848 praeferas·

1363 3932 1469 3996 Vs,
1519 3930 1913 3996 484—486.

774 4074 891 4134 Sed
934 4082 1132 4133 tamen
1173 4079 1471 4135 aeternam
1512 4072 1775 4149 squamis
1817 4072 2026 4131 vestire
2066 4074 2322 4150 puellam

772 4180 1105 4254 Infidosque
1146 4178 1294 4237 inter
1337 4184 1599 4237 teneram
1641 4177 2006 4238 committere
2046 4177 2234 4255 pisces

766 4284 901 4344 Non
944 4282 1172 4356 statuit,
1218 4289 1325 4342 etc.
