3392 5292
1611 607 1650 670 3

1173 840 1180 847 ·
1275 820 1540 881 horribili
1579 839 1863 899 praeceps
1902 821 2219 899 impellitur
2257 829 2455 883 oestro
2471 867 2485 894 ,

757 926 838 987 Ut
871 924 1056 1003 patris
1071 971 1086 999 ,
1130 946 1166 986 a
1206 927 1448 987 demens
1465 971 1480 999 ,
1525 926 1749 987 crinem
1787 927 1859 987 de
1897 926 2112 988 vertice
2153 928 2333 988 ferret

755 1030 984 1092 Furtim
1021 1036 1198 1109 atque
1237 1036 1445 1108 arguto
1487 1032 1803 1092 detonsum
1842 1030 2099 1092 mitteret
2140 1030 2329 1105 hosti,

557 1174 634 1240 ut
679 1174 835 1240 dato
883 1173 1120 1257 capillo
1169 1174 1367 1258 hujus
1415 1194 1711 1241 amorem
1759 1175 1885 1241 sibi
1945 1175 2330 1242 vindicaret.

654 1293 797 1359 Hoc
864 1293 1009 1359 loco
1072 1294 1269 1377 poeta
1316 1294 1681 1359 orationem
1728 1304 1920 1359 suam
1969 1293 2391 1377 interrumpit
2435 1292 2709 1359 iterum-

561 1431 690 1496 que
748 1412 825 1478 ut
870 1390 964 1478 vs,
1013 1412 1103 1478 48
1151 1401 1400 1477 exitum
1431 1412 1693 1479 fabulae
1728 1414 1947 1496 prodit
1979 1414 2046 1480 et
2092 1414 2282 1509 quasi
2302 1393 2707 1496 praesumit.

560 1531 768 1597 Versu
818 1532 953 1596 206
1003 1530 1207 1609 redit,
1259 1531 1436 1596 unde
1482 1526 1837 1611 aberravit,
1894 1532 2125 1598 oratio,

658 1650 832 1714 Dum
893 1648 1093 1714 Nisus
1156 1649 1290 1715 alto
1355 1648 1660 1733 dulcique
1731 1670 1963 1715 somno
2036 1651 2392 1734 premitur,
2456 1645 2671 1733 Scylla
2694 1696 2711 1727 ‚

567 1768 736 1833 clam
799 1766 1034 1833 Carme
1097 1766 1391 1844 nutrice,
1441 1786 1476 1831 e
1526 1768 1695 1834 lecto
1744 1768 1953 1850 surgit
2000 1769 2401 1852 auribusque
2450 1767 2718 1834 arrectis

566 1886 945 1951 auscultans
1015 1904 1177 1951 num
1250 1885 1474 1950 omnia
1545 1886 1770 1967 quieta
1841 1887 2009 1967 sint,
2082 1888 2357 1952 summis
2420 1887 2633 1968 digitis
2682 1904 2717 1950 e

568 2004 869 2069 cubiculo
963 2004 1295 2085 egreditur
1388 2003 1692 2087 ferroque
1777 2006 2036 2071 armata
2115 2006 2352 2071 avolat.
2454 2005 2718 2070 Timore

570 2124 792 2189 tamen
863 2122 1208 2205 perterrita
1278 2123 1457 2188 nocti
1527 2124 1718 2207 quasi
1780 2126 2046 2204 narrat,
2111 2143 2284 2209 quae
2333 2123 2545 2189 facere
2592 2118 2717 2188 sibi

568 2241 638 2306 in
684 2242 906 2307 animo
955 2242 1071 2318 sit,
1113 2242 1485 2307 remoratur
1516 2242 1793 2325 paulum
1822 2243 1892 2308 in
1924 2242 2245 2308 vestibulo
2278 2236 2537 2325 paterni
2568 2241 2717 2306 tha-

567 2360 724 2425 lami
798 2357 920 2446 (vs.
993 2356 1161 2447 217)
1237 2360 1488 2444 diisque
1562 2380 1841 2427 munera
1912 2361 2274 2445 promittit,
2348 2360 2403 2424 si
2466 2358 2721 2425 facinus

569 2497 879 2563 prospere
926 2478 1259 2561 procedat.
2179 2462 2190 2472 ⁶

661 2596 930 2661 Interim
1000 2596 1223 2660 nutrix
1291 2595 1638 2661 cardinum
1703 2597 1983 2663 stridore
2047 2618 2083 2661 e
2130 2616 2363 2663 somno
2414 2615 2723 2680 experge-

569 2712 743 2780 facta
791 2733 936 2779 eam
983 2714 1139 2779 ante
1186 2714 1389 2797 patris
1437 2716 1839 2781 cubiculum*
1867 2715 2245 2797 vigilantem
2285 2714 2723 2800 deprehendit

572 2832 772 2916 atque
818 2832 1212 2915 interrogat,
1268 2853 1386 2899 cur
1434 2835 1540 2900 hic
1580 2837 1909 2916 moretur,
1955 2837 2296 2919 suspicans
2347 2837 2405 2901 ei
2439 2834 2723 2901 eundem
2779 2925 2781 2928 Ι

573 2948 862 3016 furorem
908 2952 977 3017 in
1015 2952 1199 3017 artus
1230 2952 1571 3033 invasisse,
1605 2955 1722 3038 qui
1753 2955 2094 3037 quondam
2126 2954 2429 3038 Myrrhae
2460 2953 2725 3019 Arabae

573 3069 797 3134 oculos
843 3070 1085 3153 ceperit
1134 3067 1259 3156 (vs,
1312 3070 1499 3158 238).
1584 3073 1761 3138 Tum
1808 3073 2100 3155 puellam
2140 3071 2515 3153 frigidulam
2548 3072 2725 3137 veste

576 3187 1027 3267 circumdanS‚
1092 3207 1226 3271 qua
1288 3189 1432 3272 ipsa
1495 3190 1592 3255 est
1655 3190 1901 3256 amicta
1968 3172 2091 3278 (vs.
2158 3189 2324 3277 250)
2377 3190 2725 3273 dulciaque

575 3306 757 3386 genis
803 3307 1180 3373 rorantibus
1229 3308 1453 3375 oscula
1495 3308 1705 3390 figens
1737 3308 2153 3393 persequitur
2184 3309 2461 3373 miserae
2494 3326 2727 3374 causas

578 3424 916 3507 exquirere
977 3425 1146 3491 tabis
1213 3427 1324 3510 (vs.
1395 3427 1582 3511 254),
1649 3427 1767 3492 sed
1826 3447 1963 3512 non
2026 3427 2279 3510 patitur
2344 3446 2488 3493 eam
2545 3426 2728 3509 prius

577 3538 701 3606 sibi
750 3543 1146 3626 respondere
1193 3564 1396 3628 quam
1442 3547 1514 3612 in
1561 3545 1941 3611 cubiculum
1988 3545 2274 3610 redierit.
2340 3545 2462 3609 Illa
2504 3543 2727 3608 autem

579 3660 830 3741 pudore
876 3662 1207 3745 prohibita
1254 3683 1484 3730 sensus
1531 3683 1686 3730 suos
1735 3664 1988 3748 aperire
2038 3664 2146 3730 vix
2194 3662 2396 3729 audet
2439 3663 2503 3728 et
2537 3680 2730 3743 aegre

583 3778 783 3843 verba
862 3778 1143 3860 invenit,
1215 3783 1456 3866 quibus
1526 3784 1743 3848 virum
1816 3802 1858 3848 a
1928 3802 1999 3847 se
2068 3782 2365 3848 amatum
2440 3757 2730 3846 indicare

583 3896 802 3979 possit.
903 3898 1216 3965 Amorem
1281 3902 1547 3968 tandem
1611 3900 1909 3967 confessa
1974 3899 2257 3967 Carmen
2321 3900 2729 3976 obtestatur,
2801 3946 2804 3949 -

584 4015 659 4080 ut
730 4034 800 4079 se
870 4016 925 4079 si
992 4036 1251 4084 servare
1319 4020 1523 4103 possit
1583 4039 1720 4085 non
1769 4019 2004 4103 perdat
2051 4020 2169 4085 aut
2216 4018 2270 4083 si
2320 4018 2533 4083 omnis
2580 4035 2730 4100 spes

583 4131 812 4197 salutis
879 4132 1083 4201 incisa
1150 4137 1268 4215 sit,
1332 4138 1455 4203 sibi
1525 4138 1810 4203 mortem
1830 4188 1845 4215 ‚
1911 4155 2116 4221 quam
2183 4135 2528 4227 meruerit,
2593 4153 2731 4201 non

586 4250 903 4317 invideat.
2736 4266 2739 4269 ’
