3392 5292
1652 627 1780 691 107

1639 942 1793 1005 VIII.

782 1185 1019 1250 Herod.
1076 1186 1139 1263 Ι,
1193 1185 1313 1249 73:

784 1322 1003 1393 Χρόνου
1059 1315 1473 1393 δὲ’γενομένου
1528 1316 1615 1374 καὶ
1669 1316 1778 1373 αἰεὶ
1831 1321 2162 1390 φοιτεόντων
2204 1324 2318 1372 τῶν
2361 1314 2614 1371 Σκυθέων
2657 1320 2726 1373 ἐπ

686 1448 863 1520 ἄγρην
906 1446 1018 1503 ,καὶ
1072 1446 1190 1501 αἰεί
1229 1468 1281 1501 τι
1336 1450 1639 1518 φερόντων,
1696 1446 1792 1499 καί
1834 1465 1959 1499 κοτε
2019 1447 2300 1517 συνήνεικε
2360 1444 2501 1497 ἑλεῖν
2559 1463 2740 1515 σφεας

684 1574 872 1644 μηδέν.

776 1702 981 1782 Lege:
1039 1712 1266 1783 Χρόνου
1313 1710 1377 1766 δὲ
1418 1712 1780 1783 ἐγγενομένου
1823 1730 1869 1763 κ.
1911 1730 1958 1764 τ’.
2005 1710 2052 1762 λ.

1656 2066 1766 2130 ΙΧ.

782 2309 993 2374 Thuc,
1046 2308 1138 2386 ΙΙ·,
1190 2307 1316 2385 87,
1372 2308 1449 2371 3:

776 2462 995 2529 νομίσαι
1050 2460 1113 2515 δὲ
1188 2446 1302 2535 (SC.
1365 2462 1579 2544 >δίκαιόν
1634 2445 1782 2532 ἐστι)
1848 2462 1977 2521 ταῖς
2031 2459 2130 2525 μὲν
2171 2459 2373 2533 τύχαις
2416 2461 2740 2534 ἐνδέχεσθαι

681 2590 1029 2661 σφάλλεσθαι
1066 2587 1202 2650 τοὺς
1256 2590 1625 2660 ἀνθρώπους,
1666 2592 1794 2647 ταῖς
1842 2585 1905 2640 δὲ
1945 2589 2189 2657 γνώμαις
2229 2583 2365 2647 τοὺς
2403 2584 2612 2647 αὐτοὺς
2655 2583 2740 2640 ἀεὶ

681 2718 1016 2825 (ἀνδρείους)
1047 2714 1261 2787 ὀρθοὺς
1302 2715 1454 2782 εἶναι,
1496 2711 1581 2769 καὶ
1619 2717 1695 2787 μὴ
1743 2715 1994 2785 ἀπειρίαν
2043 2717 2150 2767 τοῦ
2177 2715 2435 2785 ἀνδρείου
2464 2700 2741 2784 παρόντος

685 2842 1175 2913 προβαλλομένους
1214 2840 1446 2903 εἰκότως
1489 2845 1552 2896 ἂν
1580 2840 1637 2896 ἔν
1681 2862 1785 2896 τινι
1825 2839 2025 2902 κακοὺς
2067 2842 2336 2912 γενέσθαι.

776 2973 908 3038 Pro
954 2988 1018 3039 ἂν
1046 2984 1103 3039 ἕν
1142 3005 1245 3040 τινι
1292 2974 1501 3038 scribe
1550 2985 1848 3045 ἐναντίους.

781 3632 983 3715 Soph.
1034 3632 1202 3695 Phil.
1254 3650 1342 3694 vs.
1399 3631 1532 3695 847
1584 3651 1720 3714 sq.:

1010 3774 1090 3830 ὡς
1132 3771 1343 3823 πάντων
1384 3771 1441 3824 ἐν
1482 3772 1626 3842 νόσῳ
1660 3768 1941 3841 εὔδρακής

1012 3894 1182 3955 ὕπνος
1217 3895 1429 3955 ἄϊιπνος
1473 3894 1741 3950 λεύσσειν.

750 4013 1157 4107 ’Βεςεηᾱυηι
1208 4028 1338 4090 est:

1008 4168 1091 4224 ὡς
1131 4168 1233 4216 πᾶν
1274 4170 1385 4217 τῶν
1428 4166 1485 4217 ἐν
1527 4166 1671 4236 νόσῳ
1701 4163 1981 4235 εὒδρακὴς

1006 4286 1175 4348 ὅπνος
1213 4286 1421 4349 ἄϋπνος
1464 4287 1704 4343 λεύσσει.
