3392 5292
901 788 1084 854 Haec
1154 786 1232 851 de
1299 784 1493 849 libelli
1561 784 1769 848 nostri
1837 782 2096 847 consilio
2155 787 2213 846 et
2256 781 2503 846 ratione
2546 783 2707 847 satis
2752 783 2922 847 dicta

805 922 1007 984 sunto.
1106 916 1362 989 Restat,
1436 918 1511 978 ut
1580 912 2004 993 acceptissimo
2075 910 2394 993 defunyar
2452 910 2652 994 officio
2700 914 2965 993 testifi-.

807 1045 1000 1112 candi
1056 1043 1310 1127 publice
1351 1043 1601 1126 qratias
1660 1041 1832 1107 Viris
1882 1038 2278 1105 Clarissimis
2295 1090 2309 1119 ,
2360 1059 2626 1121 quorwm
2666 1043 2919 1107 institu-

811 1176 974 1240 tione
1019 1174 1160 1255 frui
1203 1172 1361 1237 mihi
1405 1171 1679 1254 contiyit.

900 1304 1042 1370 Tibi
1131 1304 1342 1385 primo
1435 1301 1767 1365 Famem
1784 1348 1798 1374 ,
1894 1300 1995 1363 vir
2061 1299 2315 1381 pariter
2391 1298 2662 1363 humane
2739 1305 2926 1379 atque

807 1433 1082 1513 erudite,
1157 1432 1440 1495 maoeima
1501 1451 1543 1494 a
1587 1450 1685 1493 me
1732 1428 1995 1493 habetur
2038 1428 2255 1513 qratia
2272 1475 2287 1502 ‚
2338 1428 2450 1509 qui
2494 1433 2625 1492 tam
2670 1427 2922 1491 benevo-

809 1563 1006 1627 lenter
1067 1558 1444 1641 promotoris
1510 1557 1785 1641 officium
1844 1557 2191 1639 susceperis
2236 1561 2624 1639 eyentemque
2669 1558 2925 1623 consilio

800 1651 1146 1770 numquam
1193 1686 1567 1751 destitueris.
2638 1760 2654 1769 ‚

895 1818 1030 1883 Nec
1059 1836 1189 1882 non
1223 1815 1396 1890 Tibi,
1435 1812 1803 1881 Clarissime
1831 1834 1953 1879 vAN
1986 1816 2415 1889 Hnnwnnnsu,
2460 1837 2557 1883 me
2587 1816 2925 1900 obliqatwm

809 1948 1008 2013 sentio
1051 1967 1170 2028 pro
1218 1951 1331 2011 tua
1376 1944 1667 2009 doctrina
1716 1948 1901 2025 atque
1948 1943 2383 2009 benevolentia.
2464 1945 2701 2029 Mayni
2744 1947 2923 2012 bene-
2978 2006 2985 2013 .

803 2077 935 2157 ficii
992 2076 1120 2140 loco
1167 2074 1351 2148 duco,
1407 2073 1578 2155 quod
1626 2074 1712 2138 Te
1757 2073 2113 2138 studiorum
2156 2094 2435 2139 meorum
2480 2076 2926 2141 moderatorem

800 2171 1029 2265 nactus
1075 2220 1234 2265 sum.

905 2332 1123 2411 Neque
1199 2328 1448 2394 silentio
1522 2327 1903 2410 premendus
1981 2328 2140 2393 mihi
2216 2350 2280 2395 es
2353 2331 2480 2405 Tu,
2564 2330 2930 2399 Clarissime

806 2459 1002 2523 Bam.
1024 2505 1040 2535 ,
1107 2459 1218 2539 qui
1264 2462 1322 2522 et
1362 2455 1621 2539 publica
1665 2457 2063 2523 institutione
2108 2462 2167 2524 et
2200 2460 2467 2541 privata
2510 2461 2933 2528 admonitione

818 2606 1090 2651 amorem
1159 2584 1570 2668 Belyicasrum
1640 2585 1971 2651 literarum
2024 2586 2183 2652 mihi
2224 2589 2501 2670 injecisti
2544 2596 2603 2655 et
2647 2593 2818 2655 omni
2860 2595 2929 2656 in

805 2736 1026 2799 yenere
1085 2716 1174 2780 vit
1185 2736 1260 2779 ae
1307 2714 1569 2779 consilio
1616 2734 1692 2778 ac
1738 2736 1809 2779 re
1852 2715 2011 2779 milii
2055 2715 2342 2799 adfuisti.
2455 2718 2640 2782 Violeo
2657 2765 2673 2790 ‚
2725 2740 2931 2800 quan-

815 2851 949 2911 tum
998 2845 1140 2911 Tibi
1183 2843 1436 2909 debeam
1486 2844 1615 2909 tuis
1656 2844 1730 2907 in
1775 2863 1872 2907 me
1916 2842 2246 2925 beneficiis.

917 2974 1037 3037 Vos
1113 2992 1324 3037 omnes
1342 3023 1357 3046 ,
1452 2973 1590 3039 Viri
1663 2970 2060 3053 Clarissimi,
2129 2995 2395 3056 quorum
2439 2974 2667 3040 scholis
2711 2976 2933 3057 adfui,

814 3102 989 3186 yrati
1032 3101 1359 3183 accipiatis
1405 3102 1609 3166 animi
1653 3087 2167 3182 testificationem.

935 3230 1056 3294 Vos
1127 3229 1418 3312 denique,
1495 3230 1743 3305 Amici,
1818 3229 2186 3311 quibuscum
2252 3231 2325 3294 in
2368 3228 2541 3294 alma
2586 3229 2728 3294 sede
2772 3230 2935 3293 Pra-

809 3358 1060 3441 jectina
1113 3358 1624 3440 conjunctissime
1667 3359 1829 3437 vixi,
1879 3359 2076 3424 valete
2119 3379 2347 3425 omnes.
2432 3358 2653 3440 Quoad
2697 3358 2900 3423 vivam
2920 3406 2935 3431 ‚

825 3506 1172 3568 numquam
1215 3506 1311 3550 me
1357 3488 1550 3551 vestri
1594 3487 1797 3569 capiet
1842 3487 2077 3552 oblivio.
