<?xml version="1.0" encoding="UTF-8"?>
<!DOCTYPE html PUBLIC "-//W3C//DTD XHTML 1.0 Transitional//EN"
    "http://www.w3.org/TR/xhtml1/DTD/xhtml1-transitional.dtd">
<html xmlns="http://www.w3.org/1999/xhtml" xml:lang="en" lang="en">
 <head>
  <title>
</title>
<meta http-equiv="Content-Type" content="text/html;charset=utf-8" />
  <meta name='ocr-system' content='tesseract 3.04.00' />
  <meta name='ocr-capabilities' content='ocr_page ocr_carea ocr_par ocr_line ocrx_word'/>
</head>
<body>
  <div class='ocr_page' id='page_1' title='image "./prolegomenainci00kreugoog_0114.png"; bbox 0 0 3392 5292; ppageno 0'>
   <div class='ocr_carea' id='block_1_1' title="bbox 1704 566 1831 628">
    <p class='ocr_par' dir='ltr' id='par_1_1' title="bbox 1704 566 1831 628">
     <span class='ocr_line' id='line_1_1' title="bbox 1704 566 1831 628; baseline -0.008 0"><span class='ocrx_word' id='word_1_1' title='bbox 1704 566 1831 628; x_wconf 72' lang='lat'><strong>102</strong></span> 
     </span>
    </p>
   </div>
   <div class='ocr_carea' id='block_1_2' title="bbox 684 774 2842 1037">
    <p class='ocr_par' dir='ltr' id='par_1_2' title="bbox 684 774 2842 1037">
     <span class='ocr_line' id='line_1_2' title="bbox 684 774 2842 847; baseline -0 -17"><span class='ocrx_word' id='word_1_2' title='bbox 684 791 912 847; x_wconf 82' lang='lat' dir='ltr'><strong>pergens</strong></span> <span class='ocrx_word' id='word_1_3' title='bbox 958 774 1007 827; x_wconf 90' lang='lat' dir='ltr'>A</span> <span class='ocrx_word' id='word_1_4' title='bbox 1058 774 1111 828; x_wconf 82' lang='lat' dir='ltr'><strong>R</strong></span> <span class='ocrx_word' id='word_1_5' title='bbox 1161 774 1409 829; x_wconf 87' lang='lat' dir='ltr'><strong>emicleos</strong></span> <span class='ocrx_word' id='word_1_6' title='bbox 1445 786 1491 841; x_wconf 87' lang='lat' dir='ltr'><strong>(e</strong></span> <span class='ocrx_word' id='word_1_7' title='bbox 1521 777 1686 844; x_wconf 72' lang='lat' dir='ltr'><strong>prior.</strong></span> <span class='ocrx_word' id='word_1_8' title='bbox 1723 793 1785 830; x_wconf 84' lang='lat' dir='ltr'><strong>m.</strong></span> <span class='ocrx_word' id='word_1_9' title='bbox 1825 775 1856 829; x_wconf 83' lang='lat'><strong>2</strong></span> <span class='ocrx_word' id='word_1_10' title='bbox 1892 777 1948 829; x_wconf 77' lang='lat' dir='ltr'><strong>in</strong></span> <span class='ocrx_word' id='word_1_11' title='bbox 1983 794 2015 829; x_wconf 81' lang='lat' dir='ltr'><strong>a</strong></span> <span class='ocrx_word' id='word_1_12' title='bbox 2049 792 2202 841; x_wconf 62' lang='lat' dir='ltr'><strong>corr„</strong></span> <span class='ocrx_word' id='word_1_13' title='bbox 2245 794 2270 829; x_wconf 89' lang='lat' dir='ltr'><strong>s</strong></span> <span class='ocrx_word' id='word_1_14' title='bbox 2306 776 2403 829; x_wconf 82' lang='lat' dir='ltr'><strong>del.</strong></span> <span class='ocrx_word' id='word_1_15' title='bbox 2431 793 2493 831; x_wconf 84' lang='lat' dir='ltr'><strong>m.</strong></span> <span class='ocrx_word' id='word_1_16' title='bbox 2527 775 2578 841; x_wconf 75' lang='lat'><strong>2)</strong></span> <span class='ocrx_word' id='word_1_17' title='bbox 2616 791 2842 846; x_wconf 83' lang='lat' dir='ltr'>pergens</span> 
     </span>
     <span class='ocr_line' id='line_1_3' title="bbox 686 868 2841 941; baseline 0 -18"><span class='ocrx_word' id='word_1_18' title='bbox 686 868 743 923; x_wconf 92' lang='lat' dir='ltr'>H</span> <span class='ocrx_word' id='word_1_19' title='bbox 791 868 802 941; x_wconf 99' lang='grc' dir='ltr'>Ι</span> <span class='ocrx_word' id='word_1_20' title='bbox 850 868 985 923; x_wconf 75' lang='lat' dir='ltr'><strong>tello</strong></span> <span class='ocrx_word' id='word_1_21' title='bbox 1039 870 1220 938; x_wconf 79' lang='lat' dir='ltr'><strong>(prior.</strong></span> <span class='ocrx_word' id='word_1_22' title='bbox 1260 868 1280 923; x_wconf 95' lang='lat'>1</span> <span class='ocrx_word' id='word_1_23' title='bbox 1323 869 1505 923; x_wconf 49' lang='lat' dir='ltr'><strong>deletas</strong></span> <span class='ocrx_word' id='word_1_24' title='bbox 1542 868 1599 922; x_wconf 87' lang='grc' dir='ltr'><strong>Η</strong></span> <span class='ocrx_word' id='word_1_25' title='bbox 1630 868 1741 923; x_wconf 79' lang='lat' dir='ltr'><strong>talo</strong></span> <span class='ocrx_word' id='word_1_26' title='bbox 1777 870 1826 923; x_wconf 90' lang='lat' dir='ltr'>A</span> <span class='ocrx_word' id='word_1_27' title='bbox 1867 869 1919 924; x_wconf 88' lang='lat' dir='ltr'><strong>R</strong></span> <span class='ocrx_word' id='word_1_28' title='bbox 1955 874 1981 933; x_wconf 92' lang='grc' dir='ltr'><strong>ΙΙ</strong></span> <span class='ocrx_word' id='word_1_29' title='bbox 2019 888 2081 924; x_wconf 79' lang='lat' dir='ltr'><strong>vs</strong></span> <span class='ocrx_word' id='word_1_30' title='bbox 2139 869 2242 928; x_wconf 89' lang='grc'><strong>377</strong></span> <span class='ocrx_word' id='word_1_31' title='bbox 2279 869 2554 924; x_wconf 84' lang='lat' dir='ltr'><strong>iolchiacis</strong></span> <span class='ocrx_word' id='word_1_32' title='bbox 2589 868 2741 930; x_wconf 89' lang='lat' dir='ltr'><strong>(-chis</strong></span> <span class='ocrx_word' id='word_1_33' title='bbox 2777 869 2841 932; x_wconf 89' lang='lat' dir='ltr'><strong>L)</strong></span> 
     </span>
     <span class='ocr_line' id='line_1_4' title="bbox 685 962 1849 1037; baseline -0.003 -17"><span class='ocrx_word' id='word_1_34' title='bbox 685 965 733 1020; x_wconf 93' lang='grc' dir='ltr'>Ο</span> <span class='ocrx_word' id='word_1_35' title='bbox 782 964 792 1037; x_wconf 89' lang='grc' dir='ltr'>Ι</span> <span class='ocrx_word' id='word_1_36' title='bbox 842 964 1072 1034; x_wconf 88' lang='lat' dir='ltr'><strong>defigere</strong></span> <span class='ocrx_word' id='word_1_37' title='bbox 1108 963 1156 1018; x_wconf 98' lang='lat' dir='ltr'>L</span> <span class='ocrx_word' id='word_1_38' title='bbox 1192 982 1253 1019; x_wconf 82' lang='lat' dir='ltr'><strong>a:</strong></span> <span class='ocrx_word' id='word_1_39' title='bbox 1293 962 1546 1034; x_wconf 81' lang='lat' dir='ltr'>defugere</span> <span class='ocrx_word' id='word_1_40' title='bbox 1582 964 1632 1019; x_wconf 91' lang='lat' dir='ltr'>A</span> <span class='ocrx_word' id='word_1_41' title='bbox 1668 963 1725 1019; x_wconf 92' lang='lat' dir='ltr'>H</span> <span class='ocrx_word' id='word_1_42' title='bbox 1760 964 1849 1019; x_wconf 71' lang='lat' dir='ltr'><strong>R».</strong></span> 
     </span>
    </p>
   </div>
   <div class='ocr_carea' id='block_1_3' title="bbox 682 1117 2840 1319">
    <p class='ocr_par' dir='ltr' id='par_1_3' title="bbox 682 1117 2840 1319">
     <span class='ocr_line' id='line_1_5' title="bbox 776 1117 2840 1201; baseline -0 -20"><span class='ocrx_word' id='word_1_43' title='bbox 776 1119 850 1181; x_wconf 94' lang='lat' dir='ltr'><strong>In</strong></span> <span class='ocrx_word' id='word_1_44' title='bbox 922 1137 1115 1181; x_wconf 88' lang='lat' dir='ltr'><strong>versu</strong></span> <span class='ocrx_word' id='word_1_45' title='bbox 1188 1117 1399 1200; x_wconf 89' lang='lat' dir='ltr'><strong>primo</strong></span> <span class='ocrx_word' id='word_1_46' title='bbox 1470 1118 1693 1181; x_wconf 90' lang='lat' dir='ltr'><strong>omnia</strong></span> <span class='ocrx_word' id='word_1_47' title='bbox 1747 1117 1914 1182; x_wconf 89' lang='lat' dir='ltr'><strong>dura</strong></span> <span class='ocrx_word' id='word_1_48' title='bbox 1980 1117 2044 1180; x_wconf 91' lang='lat' dir='ltr'><strong>et</strong></span> <span class='ocrx_word' id='word_1_49' title='bbox 2095 1129 2314 1201; x_wconf 78' lang='grc' dir='ltr'><strong><em>ἄμετρα</em></strong></span> <span class='ocrx_word' id='word_1_50' title='bbox 2361 1117 2538 1180; x_wconf 89' lang='lat' dir='ltr'><strong>sunt.</strong></span> <span class='ocrx_word' id='word_1_51' title='bbox 2637 1117 2840 1181; x_wconf 84' lang='lat' dir='ltr'>Recte</span> 
     </span>
     <span class='ocr_line' id='line_1_6' title="bbox 682 1233 2838 1319; baseline -0.002 -16"><span class='ocrx_word' id='word_1_52' title='bbox 682 1236 943 1319; x_wconf 85' lang='lat' dir='ltr'><strong>Maehly</strong></span> <span class='ocrx_word' id='word_1_53' title='bbox 976 1236 1232 1301; x_wconf 89' lang='lat' dir='ltr'><strong>monuit</strong></span> <span class='ocrx_word' id='word_1_54' title='bbox 1265 1255 1530 1300; x_wconf 88' lang='lat' dir='ltr'><strong>omnem</strong></span> <span class='ocrx_word' id='word_1_55' title='bbox 1564 1236 1761 1318; x_wconf 88' lang='lat' dir='ltr'><strong>hujus</strong></span> <span class='ocrx_word' id='word_1_56' title='bbox 1792 1235 1917 1300; x_wconf 90' lang='lat' dir='ltr'><strong>loci</strong></span> <span class='ocrx_word' id='word_1_57' title='bbox 1951 1235 2231 1306; x_wconf 27' lang='lat' dir='ltr'><strong>san-andi</strong></span> <span class='ocrx_word' id='word_1_58' title='bbox 2255 1236 2566 1300; x_wconf 90' lang='lat' dir='ltr'><strong>conatum</strong></span> <span class='ocrx_word' id='word_1_59' title='bbox 2595 1233 2838 1299; x_wconf 88' lang='lat' dir='ltr'><strong>frustra</strong></span> 
     </span>
    </p>
   </div>
   <div class='ocr_carea' id='block_1_4' title="bbox 3355 386 3359 973">
    <p class='ocr_par' dir='ltr' id='par_1_4' title="bbox 3355 386 3359 973">
     <span class='ocr_line' id='line_1_7' title="bbox 3355 386 3359 973; baseline 0 0"><span class='ocrx_word' id='word_1_60' title='bbox 3355 386 3359 973; x_wconf 95' lang='lat' dir='ltr'><strong> </strong></span> 
     </span>
    </p>
   </div>
   <div class='ocr_carea' id='block_1_5' title="bbox 686 1333 2996 1437">
    <p class='ocr_par' dir='ltr' id='par_1_5' title="bbox 686 1333 2996 1437">
     <span class='ocr_line' id='line_1_8' title="bbox 686 1333 2996 1437; baseline -0.002 -19"><span class='ocrx_word' id='word_1_61' title='bbox 686 1374 861 1433; x_wconf 88' lang='lat' dir='ltr'><strong>esse,</strong></span> <span class='ocrx_word' id='word_1_62' title='bbox 937 1354 1061 1417; x_wconf 91' lang='lat' dir='ltr'><strong>nisi</strong></span> <span class='ocrx_word' id='word_1_63' title='bbox 1134 1374 1254 1436; x_wconf 94' lang='lat' dir='ltr'><strong>pro</strong></span> <span class='ocrx_word' id='word_1_64' title='bbox 1325 1353 1606 1437; x_wconf 74' lang='lat' dir='ltr'><strong>yeminat</strong></span> <span class='ocrx_word' id='word_1_65' title='bbox 1671 1352 1768 1417; x_wconf 89' lang='lat' dir='ltr'><strong>vel</strong></span> <span class='ocrx_word' id='word_1_66' title='bbox 1833 1357 2136 1435; x_wconf 72' lang='lat' dir='ltr'><strong>yenerata</strong></span> <span class='ocrx_word' id='word_1_67' title='bbox 2185 1349 2455 1423; x_wconf 87' lang='lat' dir='ltr'><strong>verbum</strong></span> <span class='ocrx_word' id='word_1_68' title='bbox 2504 1352 2838 1435; x_wconf 90' lang='lat' dir='ltr'><strong>deponens</strong></span> <span class='ocrx_word' id='word_1_69' title='bbox 2939 1333 2996 1373; x_wconf 87' lang='lat'><strong>.·</strong></span> 
     </span>
    </p>
   </div>
   <div class='ocr_carea' id='block_1_6' title="bbox 686 1469 2838 1792">
    <p class='ocr_par' dir='ltr' id='par_1_6' title="bbox 686 1469 2838 1792">
     <span class='ocr_line' id='line_1_9' title="bbox 686 1469 2832 1563; baseline -0.002 -25"><span class='ocrx_word' id='word_1_70' title='bbox 686 1474 1140 1563; x_wconf 70' lang='lat' dir='ltr'><strong>substituatur.</strong></span> <span class='ocrx_word' id='word_1_71' title='bbox 1243 1472 1384 1537; x_wconf 93' lang='lat' dir='ltr'><strong>Hoc</strong></span> <span class='ocrx_word' id='word_1_72' title='bbox 1432 1472 1625 1537; x_wconf 78' lang='lat' dir='ltr'><strong>enim,</strong></span> <span class='ocrx_word' id='word_1_73' title='bbox 1658 1471 1933 1535; x_wconf 86' lang='lat' dir='ltr'><strong>verbum</strong></span> <span class='ocrx_word' id='word_1_74' title='bbox 1980 1470 2245 1535; x_wconf 88' lang='lat' dir='ltr'><strong>finitum</strong></span> <span class='ocrx_word' id='word_1_75' title='bbox 2285 1470 2495 1554; x_wconf 62' lang='lat' dir='ltr'><strong>pergit</strong></span> <span class='ocrx_word' id='word_1_76' title='bbox 2525 1469 2832 1553; x_wconf 88' lang='lat' dir='ltr'><strong>postulat.</strong></span> 
     </span>
     <span class='ocr_line' id='line_1_10' title="bbox 687 1587 2838 1672; baseline -0.002 -16"><span class='ocrx_word' id='word_1_77' title='bbox 687 1591 907 1669; x_wconf 78' lang='lat' dir='ltr'><strong>Quare</strong></span> <span class='ocrx_word' id='word_1_78' title='bbox 994 1589 1302 1672; x_wconf 87' lang='lat' dir='ltr'><strong>Scaligeri</strong></span> <span class='ocrx_word' id='word_1_79' title='bbox 1374 1590 1901 1654; x_wconf 80' lang='lat' dir='ltr'>emendationem</span> <span class='ocrx_word' id='word_1_80' title='bbox 1972 1588 2269 1653; x_wconf 74' lang='lat' dir='ltr'><strong>venerata</strong></span> <span class='ocrx_word' id='word_1_81' title='bbox 2350 1626 2437 1635; x_wconf 92' lang='lat'><strong>—</strong></span> <span class='ocrx_word' id='word_1_82' title='bbox 2521 1587 2838 1672; x_wconf 71' lang='lat' dir='ltr'><strong>Sbyyialia</strong></span> 
     </span>
     <span class='ocr_line' id='line_1_11' title="bbox 686 1708 1854 1792; baseline -0.001 -18"><span class='ocrx_word' id='word_1_83' title='bbox 686 1729 956 1775; x_wconf 85' lang='lat' dir='ltr'><strong>servans</strong></span> <span class='ocrx_word' id='word_1_84' title='bbox 1005 1709 1266 1792; x_wconf 83' lang='lat' dir='ltr'><strong>Maehly</strong></span> <span class='ocrx_word' id='word_1_85' title='bbox 1313 1709 1630 1792; x_wconf 86' lang='lat' dir='ltr'><strong>scriptum</strong></span> <span class='ocrx_word' id='word_1_86' title='bbox 1680 1708 1854 1773; x_wconf 86' lang='lat' dir='ltr'><strong>vult:</strong></span> 
     </span>
    </p>
   </div>
   <div class='ocr_carea' id='block_1_7' title="bbox 879 1890 2452 1971">
    <p class='ocr_par' dir='ltr' id='par_1_7' title="bbox 879 1890 2452 1971">
     <span class='ocr_line' id='line_1_12' title="bbox 879 1890 2452 1971; baseline -0.001 -20"><span class='ocrx_word' id='word_1_87' title='bbox 879 1893 1020 1952; x_wconf 91' lang='lat' dir='ltr'><strong>Inde</strong></span> <span class='ocrx_word' id='word_1_88' title='bbox 1061 1912 1212 1971; x_wconf 73' lang='lat' dir='ltr'><strong>aymo</strong></span> <span class='ocrx_word' id='word_1_89' title='bbox 1254 1897 1528 1951; x_wconf 85' lang='lat' dir='ltr'><strong>venerata</strong></span> <span class='ocrx_word' id='word_1_90' title='bbox 1568 1892 1738 1951; x_wconf 81' lang='lat' dir='ltr'><strong>Jovis</strong></span> <span class='ocrx_word' id='word_1_91' title='bbox 1781 1890 2057 1967; x_wconf 81' lang='lat' dir='ltr'><strong>Stygialia</strong></span> <span class='ocrx_word' id='word_1_92' title='bbox 2099 1910 2293 1964; x_wconf 88' lang='lat' dir='ltr'><strong>sacra,</strong></span> <span class='ocrx_word' id='word_1_93' title='bbox 2339 1897 2452 1950; x_wconf 89' lang='lat' dir='ltr'><strong>etc.</strong></span> 
     </span>
    </p>
   </div>
   <div class='ocr_carea' id='block_1_8' title="bbox 1474 2104 2028 2169">
    <p class='ocr_par' dir='ltr' id='par_1_8' title="bbox 1474 2104 2028 2169">
     <span class='ocr_line' id='line_1_13' title="bbox 1474 2104 2028 2169; baseline 0.002 -2"><span class='ocrx_word' id='word_1_94' title='bbox 1474 2104 1582 2169; x_wconf 79' lang='lat' dir='ltr'><strong>Vs,</strong></span> <span class='ocrx_word' id='word_1_95' title='bbox 1636 2104 2028 2169; x_wconf 84' lang='lat'><strong>378—383.</strong></span> 
     </span>
    </p>
   </div>
   <div class='ocr_carea' id='block_1_9' title="bbox 842 2268 2648 2871">
    <p class='ocr_par' dir='ltr' id='par_1_9' title="bbox 842 2268 2512 2555">
     <span class='ocr_line' id='line_1_14' title="bbox 876 2268 2512 2329; baseline 0.001 -2"><span class='ocrx_word' id='word_1_96' title='bbox 876 2269 1097 2327; x_wconf 92' lang='lat' dir='ltr'><strong>Verum</strong></span> <span class='ocrx_word' id='word_1_97' title='bbox 1137 2269 1237 2328; x_wconf 91' lang='lat' dir='ltr'><strong>ubi</strong></span> <span class='ocrx_word' id='word_1_98' title='bbox 1277 2270 1439 2328; x_wconf 92' lang='lat' dir='ltr'><strong>nulla</strong></span> <span class='ocrx_word' id='word_1_99' title='bbox 1479 2275 1679 2329; x_wconf 85' lang='lat' dir='ltr'><strong>movet</strong></span> <span class='ocrx_word' id='word_1_100' title='bbox 1721 2268 1990 2329; x_wconf 83' lang='lat' dir='ltr'><strong>stabilem</strong></span> <span class='ocrx_word' id='word_1_101' title='bbox 2032 2268 2258 2328; x_wconf 82' lang='lat' dir='ltr'><strong>fallacia</strong></span> <span class='ocrx_word' id='word_1_102' title='bbox 2299 2268 2512 2329; x_wconf 88' lang='lat' dir='ltr'><strong>Nisum</strong></span> 
     </span>
     <span class='ocr_line' id='line_1_15' title="bbox 842 2373 2478 2452; baseline 0 -19"><span class='ocrx_word' id='word_1_103' title='bbox 842 2373 1001 2433; x_wconf 91' lang='lat' dir='ltr'><strong>·Nec</strong></span> <span class='ocrx_word' id='word_1_104' title='bbox 1040 2381 1290 2452; x_wconf 86' lang='lat' dir='ltr'><strong>possunt</strong></span> <span class='ocrx_word' id='word_1_105' title='bbox 1330 2374 1599 2433; x_wconf 89' lang='lat' dir='ltr'><strong>homines</strong></span> <span class='ocrx_word' id='word_1_106' title='bbox 1639 2393 1749 2434; x_wconf 88' lang='lat' dir='ltr'><strong>nec</strong></span> <span class='ocrx_word' id='word_1_107' title='bbox 1796 2382 2046 2452; x_wconf 85' lang='lat' dir='ltr'><strong>possunt</strong></span> <span class='ocrx_word' id='word_1_108' title='bbox 2087 2374 2322 2435; x_wconf 87' lang='lat' dir='ltr'><strong>flectere</strong></span> <span class='ocrx_word' id='word_1_109' title='bbox 2363 2374 2478 2434; x_wconf 85' lang='lat' dir='ltr'><strong>divi</strong></span> 
     </span>
     <span class='ocr_line' id='line_1_16' title="bbox 877 2478 2300 2555; baseline 0.001 -18"><span class='ocrx_word' id='word_1_110' title='bbox 877 2478 1068 2538; x_wconf 83' lang='lat' dir='ltr'><strong>Tanta</strong></span> <span class='ocrx_word' id='word_1_111' title='bbox 1111 2485 1201 2537; x_wconf 85' lang='lat' dir='ltr'><strong>est</strong></span> <span class='ocrx_word' id='word_1_112' title='bbox 1241 2478 1301 2537; x_wconf 90' lang='lat' dir='ltr'><strong>in</strong></span> <span class='ocrx_word' id='word_1_113' title='bbox 1347 2497 1526 2555; x_wconf 88' lang='lat' dir='ltr'><strong>parvo</strong></span> <span class='ocrx_word' id='word_1_114' title='bbox 1569 2478 1784 2538; x_wconf 87' lang='lat' dir='ltr'><strong>fiducia</strong></span> <span class='ocrx_word' id='word_1_115' title='bbox 1825 2478 2004 2538; x_wconf 78' lang='lat' dir='ltr'><strong>crine‘</strong></span> <span class='ocrx_word' id='word_1_116' title='bbox 2028 2478 2300 2551; x_wconf 88' lang='lat' dir='ltr'><strong>cavendi,</strong></span> 
     </span>
    </p>

    <p class='ocr_par' dir='ltr' id='par_1_10' title="bbox 874 2582 2648 2871">
     <span class='ocr_line' id='line_1_17' title="bbox 875 2582 2548 2661; baseline 0.001 -19"><span class='ocrx_word' id='word_1_117' title='bbox 875 2584 1105 2643; x_wconf 88' lang='lat' dir='ltr'><strong>Rursus</strong></span> <span class='ocrx_word' id='word_1_118' title='bbox 1148 2585 1221 2643; x_wconf 91' lang='lat' dir='ltr'><strong>ad</strong></span> <span class='ocrx_word' id='word_1_119' title='bbox 1262 2583 1563 2661; x_wconf 84' lang='lat' dir='ltr'><strong>inceptum</strong></span> <span class='ocrx_word' id='word_1_120' title='bbox 1605 2582 1830 2643; x_wconf 84' lang='lat' dir='ltr'><strong>sociam</strong></span> <span class='ocrx_word' id='word_1_121' title='bbox 1871 2603 1935 2644; x_wconf 90' lang='lat' dir='ltr'><strong>se</strong></span> <span class='ocrx_word' id='word_1_122' title='bbox 1975 2583 2237 2661; x_wconf 85' lang='lat' dir='ltr'><strong>adiungit</strong></span> <span class='ocrx_word' id='word_1_123' title='bbox 2277 2584 2548 2643; x_wconf 84' lang='lat' dir='ltr'><strong>alumnae</strong></span> 
     </span>
     <span class='ocr_line' id='line_1_18' title="bbox 879 2688 2505 2766; baseline 0.002 -20"><span class='ocrx_word' id='word_1_124' title='bbox 879 2688 1254 2765; x_wconf 88' lang='lat' dir='ltr'><strong>Purpureum</strong></span> <span class='ocrx_word' id='word_1_125' title='bbox 1296 2708 1411 2765; x_wconf 91' lang='lat' dir='ltr'><strong>que</strong></span> <span class='ocrx_word' id='word_1_126' title='bbox 1453 2695 1623 2765; x_wconf 88' lang='lat' dir='ltr'><strong>parat</strong></span> <span class='ocrx_word' id='word_1_127' title='bbox 1665 2708 1873 2749; x_wconf 88' lang='lat' dir='ltr'><strong>rursus</strong></span> <span class='ocrx_word' id='word_1_128' title='bbox 1916 2689 2158 2749; x_wconf 84' lang='lat' dir='ltr'><strong>tondere</strong></span> <span class='ocrx_word' id='word_1_129' title='bbox 2201 2689 2505 2766; x_wconf 85' lang='lat' dir='ltr'><strong>capillum,</strong></span> 
     </span>
     <span class='ocr_line' id='line_1_19' title="bbox 874 2792 2648 2871; baseline 0.002 -20"><span class='ocrx_word' id='word_1_130' title='bbox 874 2792 1024 2851; x_wconf 89' lang='lat' dir='ltr'><strong>Tam</strong></span> <span class='ocrx_word' id='word_1_131' title='bbox 1064 2793 1240 2869; x_wconf 87' lang='lat' dir='ltr'><strong>longo</strong></span> <span class='ocrx_word' id='word_1_132' title='bbox 1285 2794 1445 2869; x_wconf 90' lang='lat' dir='ltr'><strong>quod</strong></span> <span class='ocrx_word' id='word_1_133' title='bbox 1486 2792 1604 2853; x_wconf 87' lang='lat' dir='ltr'><strong>iam</strong></span> <span class='ocrx_word' id='word_1_134' title='bbox 1648 2793 1847 2871; x_wconf 89' lang='lat' dir='ltr'><strong>cupiat</strong></span> <span class='ocrx_word' id='word_1_135' title='bbox 1889 2812 2233 2853; x_wconf 87' lang='lat' dir='ltr'><strong>succurrere</strong></span> <span class='ocrx_word' id='word_1_136' title='bbox 2275 2794 2494 2867; x_wconf 90' lang='lat' dir='ltr'><strong>amori,</strong></span> <span class='ocrx_word' id='word_1_137' title='bbox 2540 2801 2648 2854; x_wconf 85' lang='lat' dir='ltr'><strong>etc.</strong></span> 
     </span>
    </p>
   </div>
   <div class='ocr_carea' id='block_1_10' title="bbox 634 2942 2914 3303">
    <p class='ocr_par' dir='ltr' id='par_1_11' title="bbox 634 2942 2914 3303">
     <span class='ocr_line' id='line_1_20' title="bbox 746 2942 2829 3017; baseline 0.001 -22"><span class='ocrx_word' id='word_1_138' title='bbox 746 2943 860 3010; x_wconf 81' lang='lat' dir='ltr'><strong>(Vs,</strong></span> <span class='ocrx_word' id='word_1_139' title='bbox 912 2943 1015 3000; x_wconf 83' lang='lat'><strong>378</strong></span> <span class='ocrx_word' id='word_1_140' title='bbox 1056 2942 1283 2998; x_wconf 86' lang='lat' dir='ltr'><strong>stabulis</strong></span> <span class='ocrx_word' id='word_1_141' title='bbox 1318 2942 1366 2998; x_wconf 87' lang='lat' dir='ltr'>L</span> <span class='ocrx_word' id='word_1_142' title='bbox 1408 2949 1433 3008; x_wconf 89' lang='grc' dir='ltr'><strong>ΙΙ</strong></span> <span class='ocrx_word' id='word_1_143' title='bbox 1473 2962 1550 2999; x_wconf 80' lang='lat' dir='ltr'><strong>vs.</strong></span> <span class='ocrx_word' id='word_1_144' title='bbox 1593 2945 1697 2999; x_wconf 88' lang='lat'><strong>380</strong></span> <span class='ocrx_word' id='word_1_145' title='bbox 1731 2944 1905 3000; x_wconf 82' lang='lat' dir='ltr'><strong>Tanto</strong></span> <span class='ocrx_word' id='word_1_146' title='bbox 1930 2943 1988 2998; x_wconf 93' lang='grc' dir='ltr'>Η</span> <span class='ocrx_word' id='word_1_147' title='bbox 2035 2944 2046 3017; x_wconf 97' lang='grc' dir='ltr'>Ι</span> <span class='ocrx_word' id='word_1_148' title='bbox 2094 2962 2229 3016; x_wconf 84' lang='lat' dir='ltr'><strong>pavo</strong></span> <span class='ocrx_word' id='word_1_149' title='bbox 2265 2944 2322 2999; x_wconf 89' lang='lat' dir='ltr'>H</span> <span class='ocrx_word' id='word_1_150' title='bbox 2359 2963 2404 3000; x_wconf 82' lang='lat' dir='ltr'><strong>m</strong></span> <span class='ocrx_word' id='word_1_151' title='bbox 2442 2942 2474 2998; x_wconf 90' lang='lat'>1</span> <span class='ocrx_word' id='word_1_152' title='bbox 2523 2944 2534 3017; x_wconf 94' lang='grc' dir='ltr'>Ι</span> <span class='ocrx_word' id='word_1_153' title='bbox 2584 2943 2829 2999; x_wconf 87' lang='lat' dir='ltr'><strong>movendi</strong></span> 
     </span>
     <span class='ocr_line' id='line_1_21' title="bbox 678 3028 2914 3113; baseline 0 -20"><span class='ocrx_word' id='word_1_154' title='bbox 678 3028 862 3093; x_wconf 49' lang='lat' dir='ltr'><strong>cave-&#39;di</strong></span> <span class='ocrx_word' id='word_1_155' title='bbox 896 3036 954 3091; x_wconf 92' lang='lat' dir='ltr'>H</span> <span class='ocrx_word' id='word_1_156' title='bbox 994 3043 1020 3102; x_wconf 90' lang='grc' dir='ltr'><strong>ΙΙ</strong></span> <span class='ocrx_word' id='word_1_157' title='bbox 1062 3056 1137 3092; x_wconf 86' lang='lat' dir='ltr'><strong>vs.</strong></span> <span class='ocrx_word' id='word_1_158' title='bbox 1184 3039 1288 3093; x_wconf 90' lang='lat'><strong>381</strong></span> <span class='ocrx_word' id='word_1_159' title='bbox 1327 3056 1482 3094; x_wconf 89' lang='lat' dir='ltr'><strong>rurus</strong></span> <span class='ocrx_word' id='word_1_160' title='bbox 1519 3041 1566 3094; x_wconf 98' lang='lat' dir='ltr'>A</span> <span class='ocrx_word' id='word_1_161' title='bbox 1618 3040 1627 3113; x_wconf 94' lang='grc' dir='ltr'>Ι</span> <span class='ocrx_word' id='word_1_162' title='bbox 1676 3040 1985 3111; x_wconf 84' lang='lat' dir='ltr'><strong>incoeptum</strong></span> <span class='ocrx_word' id='word_1_163' title='bbox 2024 3037 2076 3093; x_wconf 83' lang='lat' dir='ltr'>R</span> <span class='ocrx_word' id='word_1_164' title='bbox 2120 3040 2132 3108; x_wconf 99' lang='grc' dir='ltr'>Ι</span> <span class='ocrx_word' id='word_1_165' title='bbox 2175 3040 2353 3111; x_wconf 79' lang='lat' dir='ltr'><strong>iungit</strong></span> <span class='ocrx_word' id='word_1_166' title='bbox 2387 3042 2432 3095; x_wconf 89' lang='lat' dir='ltr'>A</span> <span class='ocrx_word' id='word_1_167' title='bbox 2457 3039 2509 3094; x_wconf 85' lang='lat' dir='ltr'><strong>R</strong></span> <span class='ocrx_word' id='word_1_168' title='bbox 2539 3039 2548 3111; x_wconf 97' lang='grc' dir='ltr'>Ι</span> <span class='ocrx_word' id='word_1_169' title='bbox 2580 3039 2829 3111; x_wconf 81' lang='lat' dir='ltr'><strong>alumpne</strong></span> <span class='ocrx_word' id='word_1_170' title='bbox 2910 3098 2914 3101; x_wconf 51' lang='grc'>,</span> 
     </span>
     <span class='ocr_line' id='line_1_22' title="bbox 675 3132 2828 3207; baseline 0.002 -22"><span class='ocrx_word' id='word_1_171' title='bbox 675 3132 724 3185; x_wconf 89' lang='grc' dir='ltr'><strong>Α</strong></span> <span class='ocrx_word' id='word_1_172' title='bbox 775 3139 801 3197; x_wconf 86' lang='grc' dir='ltr'><strong>ΙΙ</strong></span> <span class='ocrx_word' id='word_1_173' title='bbox 852 3150 929 3187; x_wconf 87' lang='lat' dir='ltr'><strong>vs.</strong></span> <span class='ocrx_word' id='word_1_174' title='bbox 988 3132 1091 3186; x_wconf 89' lang='lat'><strong>383</strong></span> <span class='ocrx_word' id='word_1_175' title='bbox 1145 3134 1273 3188; x_wconf 83' lang='lat' dir='ltr'><strong>Tam</strong></span> <span class='ocrx_word' id='word_1_176' title='bbox 1330 3137 1589 3207; x_wconf 65' lang='lat' dir='ltr'><strong>Heyniuez</strong></span> <span class='ocrx_word' id='word_1_177' title='bbox 1647 3135 1784 3191; x_wconf 88' lang='lat' dir='ltr'><strong>Cum</strong></span> <span class='ocrx_word' id='word_1_178' title='bbox 1839 3135 1887 3190; x_wconf 93' lang='grc' dir='ltr'>Ο</span> <span class='ocrx_word' id='word_1_179' title='bbox 1937 3135 1948 3207; x_wconf 98' lang='grc' dir='ltr'>Ι</span> <span class='ocrx_word' id='word_1_180' title='bbox 1995 3135 2156 3206; x_wconf 83' lang='lat' dir='ltr'><strong>longo</strong></span> <span class='ocrx_word' id='word_1_181' title='bbox 2208 3135 2257 3190; x_wconf 90' lang='lat' dir='ltr'>L</span> <span class='ocrx_word' id='word_1_182' title='bbox 2293 3153 2359 3190; x_wconf 82' lang='lat' dir='ltr'><strong>a:</strong></span> <span class='ocrx_word' id='word_1_183' title='bbox 2397 3135 2556 3206; x_wconf 84' lang='lat' dir='ltr'><strong>longe</strong></span> <span class='ocrx_word' id='word_1_184' title='bbox 2593 3137 2640 3190; x_wconf 98' lang='lat' dir='ltr'>A</span> <span class='ocrx_word' id='word_1_185' title='bbox 2680 3134 2736 3190; x_wconf 92' lang='lat' dir='ltr'>H</span> <span class='ocrx_word' id='word_1_186' title='bbox 2777 3134 2828 3189; x_wconf 88' lang='lat' dir='ltr'><strong>R</strong></span> 
     </span>
     <span class='ocr_line' id='line_1_23' title="bbox 634 3226 2374 3303; baseline 0.003 -26"><span class='ocrx_word' id='word_1_187' title='bbox 634 3274 637 3276; x_wconf 13' lang='grc' dir='ltr'><strong>Α</strong></span> <span class='ocrx_word' id='word_1_188' title='bbox 674 3226 848 3293; x_wconf 84' lang='lat' dir='ltr'><strong>(valde</strong></span> <span class='ocrx_word' id='word_1_189' title='bbox 882 3246 1130 3297; x_wconf 73' lang='lat' dir='ltr'><strong>suprascr.</strong></span> <span class='ocrx_word' id='word_1_190' title='bbox 1165 3247 1227 3282; x_wconf 86' lang='lat' dir='ltr'><strong>m.</strong></span> <span class='ocrx_word' id='word_1_191' title='bbox 1266 3230 1297 3283; x_wconf 76' lang='lat'><strong>2</strong></span> <span class='ocrx_word' id='word_1_192' title='bbox 1342 3228 1420 3294; x_wconf 81' lang='lat' dir='ltr'><strong>H)</strong></span> <span class='ocrx_word' id='word_1_193' title='bbox 1470 3228 1483 3300; x_wconf 94' lang='grc' dir='ltr'>Ι</span> <span class='ocrx_word' id='word_1_194' title='bbox 1528 3230 1712 3303; x_wconf 83' lang='lat' dir='ltr'><strong>cupiat</strong></span> <span class='ocrx_word' id='word_1_195' title='bbox 1746 3233 2036 3286; x_wconf 62' lang='lat' dir='ltr'><strong>Baehrens:</strong></span> <span class='ocrx_word' id='word_1_196' title='bbox 2073 3234 2254 3303; x_wconf 80' lang='lat' dir='ltr'><strong>captat</strong></span> <span class='ocrx_word' id='word_1_197' title='bbox 2287 3231 2374 3295; x_wconf 93' lang='grc' dir='ltr'><strong>Ο).</strong></span> 
     </span>
    </p>
   </div>
   <div class='ocr_carea' id='block_1_11' title="bbox 674 3379 2829 3820">
    <p class='ocr_par' dir='ltr' id='par_1_12' title="bbox 674 3379 2829 3820">
     <span class='ocr_line' id='line_1_24' title="bbox 766 3379 2826 3465; baseline 0.002 -22"><span class='ocrx_word' id='word_1_198' title='bbox 766 3379 957 3460; x_wconf 82' lang='lat' dir='ltr'><strong>Jure,</strong></span> <span class='ocrx_word' id='word_1_199' title='bbox 1007 3380 1271 3462; x_wconf 88' lang='lat' dir='ltr'><strong>opinor,</strong></span> <span class='ocrx_word' id='word_1_200' title='bbox 1324 3380 1552 3464; x_wconf 89' lang='lat' dir='ltr'><strong>Heyne</strong></span> <span class='ocrx_word' id='word_1_201' title='bbox 1600 3400 1791 3446; x_wconf 86' lang='lat' dir='ltr'><strong>versu</strong></span> <span class='ocrx_word' id='word_1_202' title='bbox 1845 3383 1977 3447; x_wconf 88' lang='lat'><strong>380</strong></span> <span class='ocrx_word' id='word_1_203' title='bbox 2011 3381 2256 3465; x_wconf 70' lang='lat' dir='ltr'><strong>fiducia</strong></span> <span class='ocrx_word' id='word_1_204' title='bbox 2289 3382 2549 3448; x_wconf 75' lang='lat' dir='ltr'><strong>cavendi</strong></span> <span class='ocrx_word' id='word_1_205' title='bbox 2590 3384 2826 3465; x_wconf 73' lang='lat' dir='ltr'><strong>»paulo</strong></span> 
     </span>
     <span class='ocr_line' id='line_1_25' title="bbox 674 3496 2826 3583; baseline 0.002 -22"><span class='ocrx_word' id='word_1_206' title='bbox 674 3496 1058 3561; x_wconf 88' lang='lat' dir='ltr'><strong>insolentius</strong></span> <span class='ocrx_word' id='word_1_207' title='bbox 1106 3498 1397 3564; x_wconf 86' lang='lat' dir='ltr'><strong>dictum&#39;&#39;</strong></span> <span class='ocrx_word' id='word_1_208' title='bbox 1443 3500 1637 3582; x_wconf 86' lang='lat' dir='ltr'><strong>putat</strong></span> <span class='ocrx_word' id='word_1_209' title='bbox 1685 3519 1807 3565; x_wconf 89' lang='lat' dir='ltr'><strong>nec</strong></span> <span class='ocrx_word' id='word_1_210' title='bbox 1857 3501 1971 3578; x_wconf 88' lang='lat' dir='ltr'><strong>est,</strong></span> <span class='ocrx_word' id='word_1_211' title='bbox 2026 3502 2205 3583; x_wconf 88' lang='lat' dir='ltr'><strong>quod</strong></span> <span class='ocrx_word' id='word_1_212' title='bbox 2240 3520 2392 3565; x_wconf 91' lang='lat' dir='ltr'><strong>cum</strong></span> <span class='ocrx_word' id='word_1_213' title='bbox 2425 3502 2826 3566; x_wconf 86' lang='lat' dir='ltr'><strong>Baehrensio</strong></span> 
     </span>
     <span class='ocr_line' id='line_1_26' title="bbox 678 3615 2824 3704; baseline 0.003 -27"><span class='ocrx_word' id='word_1_214' title='bbox 678 3615 817 3697; x_wconf 87' lang='lat' dir='ltr'><strong>ejus</strong></span> <span class='ocrx_word' id='word_1_215' title='bbox 866 3616 1313 3699; x_wconf 86' lang='lat' dir='ltr'><strong>conjecturam</strong></span> <span class='ocrx_word' id='word_1_216' title='bbox 1358 3618 1602 3699; x_wconf 72' lang='lat' dir='ltr'><strong>fiducia</strong></span> <span class='ocrx_word' id='word_1_217' title='bbox 1650 3619 1861 3698; x_wconf 76' lang='lat' dir='ltr'><strong>crine;</strong></span> <span class='ocrx_word' id='word_1_218' title='bbox 1905 3620 2164 3701; x_wconf 80' lang='lat' dir='ltr'><strong>paventi</strong></span> <span class='ocrx_word' id='word_1_219' title='bbox 2206 3618 2484 3700; x_wconf 83' lang='lat' dir='ltr'><strong>legentis</strong></span> <span class='ocrx_word' id='word_1_220' title='bbox 2531 3639 2824 3704; x_wconf 78' lang='lat' dir='ltr'><strong>spernas,</strong></span> 
     </span>
     <span class='ocr_line' id='line_1_27' title="bbox 676 3730 2829 3820; baseline 0.004 -27"><span class='ocrx_word' id='word_1_221' title='bbox 676 3730 806 3795; x_wconf 87' lang='lat' dir='ltr'><strong>Pro</strong></span> <span class='ocrx_word' id='word_1_222' title='bbox 877 3752 1105 3797; x_wconf 79' lang='lat' dir='ltr'><strong>rursus</strong></span> <span class='ocrx_word' id='word_1_223' title='bbox 1175 3732 1355 3815; x_wconf 88' lang='lat' dir='ltr'><strong>quod</strong></span> <span class='ocrx_word' id='word_1_224' title='bbox 1424 3751 1512 3797; x_wconf 86' lang='lat' dir='ltr'><strong>vs.</strong></span> <span class='ocrx_word' id='word_1_225' title='bbox 1594 3735 1726 3798; x_wconf 73' lang='lat'><strong>382</strong></span> <span class='ocrx_word' id='word_1_226' title='bbox 1802 3736 2006 3802; x_wconf 91' lang='lat' dir='ltr'><strong>otiose</strong></span> <span class='ocrx_word' id='word_1_227' title='bbox 2070 3738 2388 3820; x_wconf 87' lang='lat' dir='ltr'><strong>repetitur</strong></span> <span class='ocrx_word' id='word_1_228' title='bbox 2451 3736 2829 3819; x_wconf 83' lang='lat' dir='ltr'><strong>Herzbergii</strong></span> 
     </span>
    </p>
   </div>
   <div class='ocr_carea' id='block_1_12' title="bbox 678 3849 2933 3940">
    <p class='ocr_par' dir='ltr' id='par_1_13' title="bbox 678 3849 2933 3940">
     <span class='ocr_line' id='line_1_28' title="bbox 678 3849 2933 3940; baseline 0.004 -29"><span class='ocrx_word' id='word_1_229' title='bbox 678 3849 902 3913; x_wconf 75' lang='lat' dir='ltr'><strong>nutrix</strong></span> <span class='ocrx_word' id='word_1_230' title='bbox 1003 3851 1276 3931; x_wconf 85' lang='lat' dir='ltr'><strong>legentis</strong></span> <span class='ocrx_word' id='word_1_231' title='bbox 1349 3852 1723 3916; x_wconf 89' lang='lat' dir='ltr'><strong>emendatio</strong></span> <span class='ocrx_word' id='word_1_232' title='bbox 1795 3853 2255 3919; x_wconf 87' lang='lat' dir='ltr'><strong>substituenda</strong></span> <span class='ocrx_word' id='word_1_233' title='bbox 2325 3855 2440 3920; x_wconf 90' lang='lat' dir='ltr'><strong>est.</strong></span> <span class='ocrx_word' id='word_1_234' title='bbox 2565 3854 2826 3920; x_wconf 87' lang='lat' dir='ltr'><strong>Etenim</strong></span> <span class='ocrx_word' id='word_1_235' title='bbox 2931 3938 2933 3940; x_wconf 12' lang='grc' dir='ltr'><strong><em>ι</em></strong></span> 
     </span>
    </p>
   </div>
   <div class='ocr_carea' id='block_1_13' title="bbox 676 3963 2825 4284">
    <p class='ocr_par' dir='ltr' id='par_1_14' title="bbox 676 3963 2825 4284">
     <span class='ocr_line' id='line_1_29' title="bbox 678 3963 2825 4061; baseline 0.004 -33"><span class='ocrx_word' id='word_1_236' title='bbox 678 3965 953 4061; x_wconf 78' lang='lat' dir='ltr'><strong>subJecti</strong></span> <span class='ocrx_word' id='word_1_237' title='bbox 1011 3968 1425 4049; x_wconf 83' lang='lat' dir='ltr'><strong>significatio</strong></span> <span class='ocrx_word' id='word_1_238' title='bbox 1516 3988 1706 4051; x_wconf 86' lang='lat' dir='ltr'><strong>aegre</strong></span> <span class='ocrx_word' id='word_1_239' title='bbox 1789 3963 2212 4037; x_wconf 87' lang='lat' dir='ltr'><strong>desideratur.</strong></span> <span class='ocrx_word' id='word_1_240' title='bbox 2337 3973 2612 4037; x_wconf 87' lang='lat' dir='ltr'><strong>Summo</strong></span> <span class='ocrx_word' id='word_1_241' title='bbox 2675 3973 2825 4055; x_wconf 87' lang='lat' dir='ltr'><strong>jure</strong></span> 
     </span>
     <span class='ocr_line' id='line_1_30' title="bbox 676 4080 2824 4175; baseline 0.005 -30"><span class='ocrx_word' id='word_1_242' title='bbox 676 4080 1008 4148; x_wconf 86' lang='lat' dir='ltr'><strong>Baehrens</strong></span> <span class='ocrx_word' id='word_1_243' title='bbox 1065 4103 1253 4151; x_wconf 86' lang='lat' dir='ltr'><strong>versu</strong></span> <span class='ocrx_word' id='word_1_244' title='bbox 1301 4088 1600 4169; x_wconf 89' lang='lat' dir='ltr'><strong>sequenti</strong></span> <span class='ocrx_word' id='word_1_245' title='bbox 1650 4088 1934 4153; x_wconf 84' lang='lat' dir='ltr'><strong>offensus</strong></span> <span class='ocrx_word' id='word_1_246' title='bbox 1985 4092 2081 4155; x_wconf 89' lang='lat' dir='ltr'><strong>est</strong></span> <span class='ocrx_word' id='word_1_247' title='bbox 2129 4090 2328 4155; x_wconf 90' lang='lat' dir='ltr'><strong>verbo</strong></span> <span class='ocrx_word' id='word_1_248' title='bbox 2376 4090 2590 4175; x_wconf 80' lang='lat' dir='ltr'><strong>l0n90‚</strong></span> <span class='ocrx_word' id='word_1_249' title='bbox 2643 4092 2824 4174; x_wconf 87' lang='lat' dir='ltr'><strong>quod</strong></span> 
     </span>
     <span class='ocr_line' id='line_1_31' title="bbox 677 4202 2824 4284; baseline 0.004 -19"><span class='ocrx_word' id='word_1_250' title='bbox 677 4202 1174 4284; x_wconf 87' lang='lat' dir='ltr'><strong>explicationem</strong></span> <span class='ocrx_word' id='word_1_251' title='bbox 1227 4204 1532 4269; x_wconf 89' lang='lat' dir='ltr'><strong>idoneam</strong></span> <span class='ocrx_word' id='word_1_252' title='bbox 1590 4225 1726 4270; x_wconf 94' lang='lat' dir='ltr'><strong>non</strong></span> <span class='ocrx_word' id='word_1_253' title='bbox 1774 4208 2078 4273; x_wconf 90' lang='lat' dir='ltr'><strong>admittit.</strong></span> <span class='ocrx_word' id='word_1_254' title='bbox 2179 4210 2350 4274; x_wconf 85' lang='lat' dir='ltr'><strong>Usus</strong></span> <span class='ocrx_word' id='word_1_255' title='bbox 2399 4210 2824 4275; x_wconf 88' lang='lat' dir='ltr'><strong>adnotatione</strong></span> 
     </span>
    </p>
   </div>
  </div>
 </body>
</html>
