3392 5292
1580 620 1666 682 65

545 835 689 899 Vita
762 834 949 916 Verg.
1027 834 1205 916 apud
1278 834 1918 900 Reifferscheidium:
1994 836 2271 901 Suetoni
2319 835 2696 919 Reliquiae,

542 972 689 1035 pag.
744 952 863 1037 64)
906 953 1107 1019 novit.
1196 952 1448 1032 Quodsi
1496 973 1576 1017 ex
1623 973 1738 1018 sex
1785 954 2113 1036 prioribus
2160 954 2469 1019 Aeneidis
2516 953 2700 1019 libris

543 1071 803 1136 tantum
850 1090 971 1137 sua
1003 1072 1347 1138 mutuatus
1378 1073 1581 1154 esset,
1620 1071 1787 1138 Ciris
1813 1072 2085 1138 fortasse
2102 1073 2274 1156 jam,
2304 1075 2378 1139 ut
2404 1074 2699 1138 Ribbeck

540 1188 608 1253 ll.
658 1190 878 1273 putat,
932 1210 1111 1256 anno
1162 1192 1287 1256 731
1344 1192 1447 1256 vel
1499 1193 1631 1257 732
1668 1192 1914 1275 scripta
1947 1211 2086 1257 esse
2120 1192 2374 1275 posset;
2414 1192 2690 1268 etenim,

543 1307 705 1374 teste
768 1310 1028 1375 Donato
1084 1310 1151 1374 in
1202 1310 1348 1375 Vita
1396 1310 1579 1392 Verg.
1634 1310 1815 1393 apud
1863 1310 2057 1377 Reiff.
2105 1329 2253 1392 pag.
2307 1310 2422 1389 61,
2475 1309 2697 1391 Vergi-

540 1430 666 1495 lius
722 1429 968 1494 „multo
1018 1429 1169 1511 post
1204 1426 1487 1516 (annum
1522 1430 1656 1494 729
1692 1448 1827 1513 quo
1860 1428 2200 1510 Augustus
2231 1428 2400 1493 forte
2433 1427 2697 1510 expedi-

540 1548 715 1612 tione
763 1546 1158 1613 Cantabrica
1206 1544 1465 1632 aberat)
1520 1548 1674 1612 huic
1697 1599 1713 1625 ,
1774 1547 2059 1631 perfecta
2093 1548 2362 1613 demum
2394 1547 2690 1626 materia,

539 1666 670 1730 tres
748 1666 1018 1731 omnino
1087 1665 1289 1730 libros
1362 1665 1691 1743 recitavit,
1767 1666 2169 1742 seeundum,
2245 1667 2559 1749 quartum
2630 1666 2696 1731 et

538 1780 849 1849 sextum”.
973 1782 1373 1849 Posteriores
1444 1785 1669 1849 autem
1733 1803 1848 1849 sex
1907 1784 2232 1849 Aeneidos
2286 1784 2490 1848 libros
2538 1783 2694 1848 ante

536 1900 794 1982 Vergilii
864 1902 1120 1967 obitum
1191 1922 1386 1967 nemo
1459 1903 1719 1968 novisse
1783 1903 2045 1969 videtur
2090 1922 2167 1967 ac
2216 1902 2439 1967 tamen
2490 1921 2569 1966 ex
2617 1901 2694 1965 iis

536 2037 798 2102 quoque
847 2021 1072 2085 noster
1116 2021 1326 2087 multa
1372 2022 1671 2105 sumpsit.
1749 2021 1978 2101 Quod,
2025 2022 2100 2087 ut
2128 2020 2442 2104 liquidius
2474 2040 2690 2103 appa-

539 2136 708 2213 reat,
763 2138 1073 2220 exemplis
1122 2140 1482 2220 evincetur‚
1535 2160 1707 2224 quae
1754 2140 2012 2206 nullum
2044 2139 2439 2206 dubitationi
2471 2138 2692 2204 locum

540 2254 937 2338 relinquunt.
1034 2256 1305 2322 Praeter
1365 2259 1544 2324 locos
1598 2259 1736 2343 jam
1800 2279 2000 2342 supra
2047 2278 2196 2342 pag.
2249 2258 2366 2339 34,
2422 2258 2543 2336 35,
2603 2258 2690 2323 36

538 2372 772 2438 allatos
845 2372 957 2461 (sc.
1036 2374 1203 2442 Ciris
1273 2397 1366 2441 VS.
1442 2377 1616 2459 295,
1693 2379 1867 2455 315,
1923 2379 2002 2460 7,
2059 2379 2227 2459 121,
2280 2377 2453 2456 268,
2509 2377 2686 2452 307,

542 2494 711 2572 318,
770 2494 932 2574 161,
986 2491 1153 2581 257)
1204 2494 1333 2559 huc
1383 2496 1708 2578 pertinere
1756 2498 1921 2580 puto
1972 2496 2138 2565 Ciris

540 2697 637 2759 Vs,
665 2700 777 2759 115
816 2700 1114 2760 sternebat
1134 2719 1288 2759 rura
1309 2702 1532 2777 sayitta
1575 2702 1852 2761 collatum
1876 2722 2012 2763 cum
2034 2702 2178 2766 Aen.
2203 2705 2310 2765 IX:
2336 2707 2453 2766 666
2475 2711 2690 2767 sterni-

2037 2818 2141 2871 tur
2162 2831 2326 2871 omne
2336 2813 2525 2872 solum
2539 2813 2688 2873 telis·

586 2952 611 2981 „
665 2909 776 2967 122
816 2910 1093 2987 surqebat
1112 2912 1328 2970 vertice
1346 2911 1533 2970 crinis
1700 2956 1724 2984 ,,
1919 2958 1944 2987 „
2020 2912 2164 2975 Aen.
2229 2916 2321 2977 X:
2358 2916 2467 2976 187
2551 2936 2688 2977 sur-

2031 3029 2180 3099 qunt
2289 3024 2362 3081 de
2471 3026 2687 3084 vertice

2025 3129 2276 3202 pinnae.

585 3268 610 3297 „
664 3224 775 3285 138
816 3224 1063 3285 acuebat
1092 3227 1396 3303 parvulus
1430 3228 1565 3286 iras
1707 3272 1731 3301 ,,
1926 3273 1950 3302 ,‚
2027 3227 2172 3290 Aen.
2325 3230 2428 3291 XII
2480 3254 2493 3292 ι
2564 3233 2682 3292 590

2033 3344 2258 3395 acuunt
2327 3338 2692 3397 stridoribus

2034 3441 2184 3500 iras·

586 3583 611 3612 „
659 3538 777 3599 228
818 3540 973 3617 quod
1013 3547 1079 3600 ut
1121 3542 1197 3599 a!
1222 3543 1432 3618 potius
1715 3587 1739 3615 „
1934 3588 1958 3617 ,‚
2035 3542 2179 3604 Aen.
2242 3544 2340 3605 X:
2373 3546 2482 3605 631
2535 3546 2691 3624 quod

570 3642 573 3650 '
2036 3657 2102 3708 ut
2143 3670 2176 3709 o
2205 3652 2430 3727 potius.

584 3791 608 3820 ,‚
658 3747 773 3807 247
816 3750 997 3827 diyna
1039 3756 1217 3826 atque
1256 3750 1505 3828 indiyna
1705 3796 1730 3825 „
1926 3794 1950 3825 „
2026 3752 2173 3813 Aen.
2215 3753 2329 3813 IX:
2355 3755 2472 3813 595
2499 3755 2681 3833 diqna

2028 3866 2206 3935 atque
2286 3858 2536 3936 indiqna
2609 3858 2683 3917 cf.

2027 3961 2130 4021 XII
2154 3983 2168 4022 z
2199 3962 2336 4021 811.

584 4105 607 4133 ‚‚
658 4060 775 4121 279
816 4081 1059 4123 casusve
1098 4064 1309 4125 deusve
1709 4112 1733 4140 ,,
1927 4111 1952 4140 ‚‚
2027 4066 2174 4127 Aen.
2260 4067 2338 4127 IX
2375 4088 2390 4127 ε
2427 4067 2538 4127 211
2630 4074 2687 4127 et

2029 4172 2131 4233 XII
2165 4194 2179 4233 ε
2218 4173 2328 4233 321
2445 4192 2686 4232 casusve

2031 4280 2258 4339 deusve.

2361 4387 2404 4453 5
