3392 5292
1767 650 1892 711 100

845 857 958 923 (Vs.
995 857 1098 912 324
1134 874 1229 928 per
1265 861 1342 922 te,
1390 874 1504 911 mea
1538 856 1798 912 Gronov.=
1839 873 1935 927 per
1970 874 2052 910 me
2089 872 2206 910 mea
2238 854 2287 909 L
2323 872 2369 920 a,
2407 872 2502 925 per
2521 872 2603 909 me
2623 858 2720 909 tua
2739 854 2812 921 H,
2832 872 2926 927 per

778 970 859 1006 me
914 956 976 1007 tu
1030 953 1101 1018 A,
1157 956 1435 1023 permetuo
1479 970 1574 1023 per
1629 970 1712 1007 me
1751 954 1813 1005 tu
1850 950 1902 1006 R
1955 950 1973 1023 Ι
2021 950 2271 1021 alumpna
2306 951 2354 1003 A
2393 948 2450 1003 H
2483 958 2508 1016 Ιι
2536 967 2614 1003 vs.
2668 950 2771 1004 326
2820 949 2925 1005 Per

775 1054 831 1101 te
884 1063 1034 1102 sacra
1084 1048 1196 1103 edd.
1250 1052 1358 1103 ant.
1419 1046 1432 1120 Ι
1479 1052 1678 1103 Scaeva
1735 1047 1788 1103 R
1830 1048 1841 1120 Ι
1888 1047 2093 1102 lumina
2126 1045 2382 1117 scaliger:
2421 1045 2644 1101 flumina
2679 1047 2728 1100 A
2755 1045 2812 1100 H
2849 1045 2926 1111 R,

774 1140 994 1196 flumina
1031 1159 1177 1197 sacra
1215 1143 1261 1198 L
1296 1148 1362 1209 a).

869 1270 1071 1333 Recte
1121 1268 1453 1332 Baehrens
1494 1268 1757 1349 perdere
1807 1268 1921 1349 (vs,
1977 1267 2138 1353 326)
2190 1270 2513 1348 servavit,
2552 1272 2731 1355 quod
2767 1271 2927 1335 alio-

776 1388 891 1470 qui
960 1407 1150 1452 saeva
1197 1406 1393 1450 sensu
1441 1386 1679 1451 idoneo
1729 1387 1926 1452 caret.
2025 1386 2395 1454 Infinitivus
2445 1390 2777 1454 stabilitur
2815 1409 2932 1471 per

778 1505 1008 1569 Horat.
1059 1504 1261 1586 Epist.
1312 1504 1377 1582 I,
1436 1505 1555 1581 15,
1610 1504 1733 1568 30:
1788 1504 2107 1587 Quaelibet
2153 1506 2225 1569 in
2271 1509 2547 1589 quemvis
2594 1507 2932 1589 opprobria

776 1624 1014 1707 finpere
1078 1643 1322 1688 saevus.
1421 1623 1551 1687 Pro
1622 1629 1714 1703 et,
1773 1625 1954 1706 quod
2002 1623 2248 1705 Silligio
2298 1625 2609 1704 debetur,
2663 1627 2930 1711 propter

778 1742 996 1806 locum
1064 1761 1263 1824 quem
1333 1743 1610 1824 occupat
1684 1729 1837 1806 cum
1910 1742 2203 1826 Hauptio
2251 1763 2369 1824 que
2416 1743 2628 1823 legere
2677 1742 2928 1808 malim.

777 1863 1134 1925 Auctorem
1182 1860 1287 1925 hic
1335 1861 1614 1925 Dianam
1663 1861 1914 1936 dicere,
1967 1861 2255 1942 Scaliger
2281 1862 2422 1944 jam
2455 1862 2648 1937 vidit,
2699 1861 2932 1925 merito

779 1980 1112 2061 Aristoph.
1187 1979 1451 2060 Lysistr.
1526 1979 1660 2044 443
1733 1998 2160 2062 comparanS,
2234 1980 2349 2043 ubi
2408 1980 2801 2045 Scholiastes
2849 1979 2934 2043 ad

783 2114 843 2182 νὴ
898 2113 994 2183 τὴν
1054 2109 1365 2181 Φωσφόρον
1454 2098 1765 2163 adnotat:
1841 2114 1935 2184 τὴν
1981 2108 2243 2183 Ἀρτεμιν
2285 2111 2472 2172 οὕτως
2515 2112 2774 2175 ἐκάλουν,
2818 2105 2936 2165 ἐπεὶ

784 2229 1083 2301 δᾳδοῦχος.
1178 2216 1527 2281 Praeterea
1601 2218 1727 2282 hoc
1793 2218 1950 2283 satis
1999 2218 2276 2303 apparet
2324 2236 2403 2281 ex
2453 2238 2548 2283 vs.
2601 2218 2735 2281 295
2790 2235 2931 2298 sqq.

1585 2380 1686 2441 Vs.
1745 2378 2133 2442 333—337.

988 2515 1162 2587 Quod
1205 2516 1254 2575 si
1286 2536 1416 2575 non
1459 2516 1572 2575 alia
1612 2516 1831 2593 poteris
1871 2517 2097 2576 ratione
2139 2524 2443 2594 parentem
2529 2586 2532 2593 ¹

987 2620 1247 2681 Flectere
1288 2622 1421 2697 (sed
1464 2621 1711 2698 poteris:
1757 2623 1897 2698 quid
1939 2622 2102 2682 enim·
2137 2642 2256 2681 non
2298 2621 2472 2681 unica
2513 2622 2703 2700 possis
2723 2622 2776 2696 Ρ)

988 2727 1144 2788 Tum
1185 2727 1379 2805 potius
1419 2727 1658 2786 tandem
1700 2726 1843 2798 ista,
1887 2726 1984 2803 pio
2027 2745 2165 2786 cum
2206 2725 2332 2786 iure
2374 2726 2600 2798 licebit,

984 2832 1136 2891 Cum
1178 2832 1315 2891 facti
1358 2850 1599 2891 causam
1642 2837 1994 2908 tempusque
2036 2832 2254 2892 doloris
2300 2832 2544 2892 habebis

985 2936 1141 2996 Tum
1186 2937 1381 3013 potius
1428 2944 1638 2996 conata
1680 2943 1782 2995 tua
1825 2944 2001 3015 atque
2044 2936 2276 3014 incepta
2316 2937 2551 2997 referto.

858 3060 975 3131 (Vs.
1012 3061 1117 3115 334
1152 3079 1259 3116 non
1299 3064 1345 3114 A
1384 3060 1467 3115 R:
1510 3061 1613 3115 nisi
1650 3059 1709 3114 H
1745 3034 1791 3115 L
1814 3065 1966 3149 {l—vs.
2005 3062 2106 3117 335
2143 3062 2278 3115 'I'um
2312 3066 2516 3132 Haupt:
2542 3060 2692 3117 TuA
2715 3062 2765 3116 R
2790 3062 2940 3117 Tunc

789 3157 845 3211 H
882 3156 930 3211 L
980 3156 989 3229 Ι
1038 3158 1249 3212 tandem
1268 3157 1373 3211 ista
1395 3159 1653 3212 Baehrens
1671 3156 1761 3227 ipa
1813 3161 1890 3210 tm
1913 3165 1993 3224 (z
2016 3154 2530 3226 tandem)Htamen
2549 3156 2730 3228 ipsaA
2755 3155 2912 3227 LR!

788 3254 905 3308 iura
940 3251 998 3306 H
1030 3272 1077 3307 m
1116 3253 1145 3305 1
1184 3258 1209 3314 ΙΙ
1248 3270 1323 3306 vs,
1362 3251 1465 3305 336
1501 3257 1715 3322 tempus
1750 3267 2027 3322 causamq3
2065 3252 2114 3305 A
2139 3256 2261 3314 uvs.
2283 3252 2385 3310 337
2406 3252 2543 3306 Tum
2561 3249 2974 3321 Haupt2'run0'

790 3348 838 3403 Ο
885 3348 896 3421 Ι
943 3348 1159 3419 incepta
1192 3348 1370 3418 vulgo:
1413 3346 1620 3401 incerta
1658 3345 1744 3409 Ο.)

882 3475 1011 3539 Pro
1090 3473 1225 3539 alia
1306 3472 1651 3537 Schraderi
1733 3471 2112 3555 conjectura
2181 3473 2321 3538 ulla
2388 3472 2665 3555 legentis
2737 3475 2945 3554 magis
3029 3522 3032 3527 .

790 3595 948 3659 mihi
1021 3594 1297 3669 arridet,
1377 3591 1650 3657 fortasse
1721 3589 1880 3675 quia
1943 3592 2016 3656 et
2079 3593 2238 3656 mihi
2287 3594 2355 3656 in
2405 3596 2696 3657 mentem
2744 3594 2942 3658 venit.

790 3714 996 3778 Versu
1068 3712 1365 3795 proximo
1416 3712 1580 3776 ratio
1630 3711 1840 3791 logica
1890 3710 2180 3793 postulat
2224 3712 2444 3792 possit.
2543 3712 2619 3776 In
2669 3730 2942 3792 sequen·

792 3831 968 3897 tibus
1042 3832 1216 3896 recte
1286 3828 1543 3910 Maehly
1592 3828 1866 3894 offendit
1915 3829 1999 3892 ad
2051 3848 2309 3893 versum
2363 3831 2533 3908 336,
2585 3831 2740 3912 quia
2792 3835 2943 3895 tem-

782 3969 1031 4031 pusque
1102 3947 1337 4014 doloris
1400 3947 1505 4012 hic
1569 3966 1834 4011 omnem
1886 3947 2250 4030 explicandi
2301 3948 2623 4013 rationem
2674 3950 2940 4031 respuit.

793 4067 1145 4148 Proponit:
1198 4088 1340 4132 eum
1384 4067 1606 4148 iusque
1653 4065 1908 4133 dolori&
1978 4066 2173 4145 Quod
2222 4067 2308 4132 ad
2354 4086 2623 4131 sensum
2671 4067 2944 4146 attinet,

797 4185 1004 4259 recte;
1092 4184 1208 4248 sed
1279 4184 1721 4252 durissimum.
1843 4185 2050 4252 Multo
2123 4189 2389 4253 suavius
2460 4188 2621 4252 mihi
2692 4187 2951 4250 videtur

796 4301 1069 4385 iustique
1116 4301 1366 4366 doloris.
