3392 5292
1698 582 1790 649 54

671 820 837 878 mua
891 798 1177 866 alumnis
1222 796 1485 862 scholae
1530 795 2018 863 Alexandrinae
2050 798 2386 864 carissima
2417 798 2632 880 fuerit,
2671 818 2824 882 pro-

672 918 958 984 babilius
1006 917 1165 982 mihi
1215 915 1473 981 videtur
1517 914 1698 998 quod
1745 914 1966 981 Naeke
2016 936 2080 999 p.
2133 918 2269 982 273
2311 918 2682 1001 suspicatus
2705 918 2822 997 est,

673 1056 831 1102 mox
893 1038 1116 1101 tamen
1181 1032 1579 1117 reprobavit,
1633 1029 1799 1097 Ciris
1847 1035 2186 1099 auctorem
2236 1034 2558 1101 Catonem
2604 1055 2824 1119 respe-

674 1154 865 1234 xisse,
915 1173 1067 1219 cum
1116 1171 1208 1219 vs.
1263 1151 1397 1217 304
1445 1169 1543 1234 sq.
1593 1150 1677 1215 de
1723 1150 2102 1218 Britomarti
2149 1154 2492 1220 scriberet:

1515 1327 1640 1402 alii,
1686 1348 1806 1406 quo
1845 1330 2040 1392 notior
2080 1350 2242 1392 esses

874 1434 1226 1511 Dictynnam
1266 1431 1467 1494 dixere
1505 1440 1608 1494 tuo
1656 1435 1729 1494 de
1769 1434 2011 1497 nomine
2048 1436 2280 1511 lunam,

675 1623 899 1705 itaque
951 1639 1219 1686 carmen
1265 1618 1431 1686 illud
1480 1618 1923 1686 Catonianum
1969 1620 2383 1688 Britomartis
2432 1620 2570 1687 fata
2615 1621 2820 1687 conti-

675 1739 912 1804 nuisse.

767 1856 899 1922 Sed
938 1856 1081 1941 jam
1110 1856 1213 1922 'ad
1262 1856 1671 1939 propositum
1721 1858 2131 1923 revertamur
2179 1859 2243 1924 et
2292 1859 2631 1925 videamus
2660 1878 2824 1942 quo-

671 1976 869 2041 modo
938 1975 1172 2059 poetae
1243 1972 1670 2040 Alexandrini
1743 1976 2208 2057 argumentum
2272 1977 2358 2042 ab
2423 1978 2567 2042 aliis
2615 1977 2824 2061 poetis

671 2095 932 2178 saepius
976 2093 1455 2177 pertractatum
1501 2094 1806 2176 persequi
1850 2094 2024 2159 soliti
2071 2094 2333 2162 fuerint.
2408 2096 2551 2161 Hoc
2600 2097 2821 2161 autem

672 2212 1170 2295 epithalamium
1216 2211 1381 2276 illud
1430 2209 1879 2277 Catullianum
1926 2231 2048 2277 nos
2098 2214 2332 2279 docere
2380 2214 2618 2297 potest.

762 2328 859 2394 Ne
907 2328 1170 2394 fabulae
1216 2348 1353 2393 non
1401 2330 1633 2395 nesciis
1668 2330 1960 2396 taedium
1993 2314 2283 2410 moveat,
2320 2333 2518 2415 poeta
2543 2332 2824 2398 breviter
2908 2377 2930 2383 -

671 2446 969 2529 exponit,
1030 2466 1202 2530 quae
1250 2448 1491 2512 summi
1540 2450 1861 2515 momenti
1908 2469 2012 2515 res
2060 2452 2217 2516 sunt
2263 2452 2584 2535 avideque
2633 2469 2822 2516 occa-

670 2565 887 2631 siones
949 2566 1170 2632 variae
1234 2565 1616 2631 eruditionis
1681 2568 2116 2634 ostentandae
2179 2568 2304 2634 sibi
2352 2569 2610 2635 oblatas
2658 2569 2821 2633 arri-

671 2686 856 2770 piens
919 2686 1177 2767 ingrata
1244 2685 1559 2752 orationis
1623 2686 1814 2769 copia
1871 2687 2082 2752 utitur
2150 2687 2323 2765 tum,
2391 2687 2508 2751 ubi
2554 2688 2824 2751 minime

673 2806 1026 2887 exspectes,
1149 2804 1297 2870 Huc
1404 2803 1613 2870 refero
1719 2824 1867 2870 eam
1962 2804 2406 2888 apostrophen
2427 2854 2442 2885 ‚
2533 2805 2602 2870 in
2691 2823 2826 2888 qua

671 2924 869 3007 poeta
939 2922 1152 2988 facere
1220 2942 1355 2989 non
1430 2923 1646 3006 potuit
1672 2973 1687 3003 ‚
1739 2923 1899 3007 quin
1948 2922 2244 2987 Heroum
2292 2941 2498 3005 genus
2547 2923 2826 2988 celebret

677 3038 805 3127 (νε.
854 3041 1156 3123 22—30)
1197 3042 1487 3125 illudque
1522 3043 1888 3125 episodium
1919 3060 2232 3131 versuum
2263 3041 2548 3125 amplius
2579 3041 2825 3106 ducen-

676 3158 930 3236 torum,
991 3158 1171 3239 quod
1219 3159 1549 3240 stragulae
1596 3159 1928 3225 Ariadnae
1954 3158 2125 3228 ‘fatis
2171 3160 2442 3241 insignis
2489 3160 2826 3242 descripti-

675 3296 872 3343 onem
921 3277 1213 3342 continet
1261 3274 1389 3360 (vs.
1441 3275 1827 3364 50-264y,
1882 3298 2014 3362 quo
2047 3279 2188 3361 ipso
2221 3278 2291 3343 in
2325 3297 2604 3344 excursu
2633 3279 2828 3362 poeta

675 3416 903 3463 rursus
951 3417 991 3462 a
1038 3397 1144 3462 via
1192 3396 1507 3473 deflectit,
1567 3414 1717 3461 cum
1766 3416 1859 3462 νε.
1912 3396 2235 3462 94-100
2284 3398 2546 3462 Amoris
2593 3398 2826 3481 poten-

676 3516 838 3582 tiam
906 3516 1173 3599 pingere
1245 3515 1482 3580 studet.
1582 3515 1680 3581 Ex
1735 3516 1965 3581 eodem
2012 3516 2348 3582 doctrinae
2397 3516 2828 3581 ostentandae

673 3635 897 3701 studio
965 3634 1329 3700 obscuritas
1398 3633 1511 3699 illa
1559 3633 1905 3716 profluxit,
1957 3634 2145 3724 quus
2192 3633 2316 3699 hoc
2360 3652 2598 3716 poema
2646 3633 2828 3698 haud
2961 3629 2967 3635 ’

676 3771 827 3817 rara
876 3752 1176 3836 exempla
1223 3751 1511 3835 praebet.
1581 3751 1752 3816 Hinc
1802 3770 1856 3817 e.
1910 3770 2002 3833 gr.
2056 3770 2149 3817 νε.
2201 3752 2337 3815 228
2379 3751 2592 3817 incola
2618 3752 2830 3817 sancti

675 3870 854 3934 Itoni
922 3890 1043 3952 pro
1120 3869 1364 3937 Athene
1388 3918 1404 3948 ‚
1487 3888 1579 3934 νε.
1633 3870 1768 3935 290
1821 3868 1993 3934 lenta
2035 3889 2216 3935 soror
2260 3868 2574 3950 flammati
2616 3870 2829 3936 Phae-

675 3986 912 4052 thontis
986 4008 1105 4070 pro
1172 3988 1448 4069 popum
1463 4038 1479 4068 ,
1556 4008 1643 4055 νε.
1725 3989 1857 4054 300
1908 3989 2187 4072 uniqena
2233 3986 2470 4053 cultrix
2515 3988 2832 4053 montibus

675 4103 825 4171 Idri
895 4125 1015 4189 pro
1087 4106 1398 4185 ArtemiS,
1469 4125 1557 4170 vs.
1615 4106 1748 4171 346
1793 4107 2042 4188 periuri
2084 4106 2340 4189 Pelopis
2383 4108 2608 4173 tertius
2653 4107 2830 4172 heres

678 4242 798 4306 pro
870 4226 1337 4307 Agamemnon,
1416 4244 1511 4289 νε.
1591 4226 1722 4291 367
1796 4225 1974 4291 urbis
2045 4225 2431 4292 Dardaniae
2498 4226 2830 4309 Neptunia
