3392 5292
1679 600 1762 663 10

644 835 810 901 quas
872 816 1107 899 poetae
1170 815 1601 881 Alexandrini
1651 816 2218 897 excogitaverunt,
2270 815 2512 897 quibus
2558 815 2803 895 ingenii

642 934 900 1018 copiam
947 934 1386 1011 ostentarent,
1441 934 1830 1016 plerumque
1862 932 2371 999 absurdissimae
2403 934 2579 1001 sunt.
2631 932 2802 998 Nam

643 1054 718 1118 ut
797 1071 931 1117 uno
1010 1071 1130 1135 pro
1212 1050 1500 1116 millibus
1573 1052 1873 1135 exemplo
1946 1050 2299 1134 defungar.
2379 1052 2525 1134 quis
2596 1052 2803 1116 risum

645 1172 864 1236 tenere
930 1170 1181 1253 potest,
1249 1186 1402 1234 cum
1450 1168 1833 1252 Euphorion
1883 1169 2039 1234 dicit
2086 1168 2528 1252 Myrmidones
2577 1169 2801 1234 Achil-

642 1289 773 1354 lem
843 1307 997 1353 cum
1069 1306 1149 1352 ex
1220 1286 1522 1352 Chironis
1595 1288 1938 1371 disciplina
2006 1286 2094 1353 ad
2163 1288 2411 1370 patrios
2477 1288 2650 1353 lares
2698 1306 2801 1352 re-

644 1407 1008 1473 verteretur
1054 1405 1147 1470 ita
1195 1423 1498 1480 vocasse,
1550 1405 1732 1488 quod

1008 1550 1113 1613 Ἐς
1171 1550 1341 1624 Φθίην
1393 1550 1574 1625 χιλοῖο
1631 1553 1817 1623 κατήῖε
1868 1553 2088 1617 πάμπαν
2151 1550 2416 1613 ἄπαστος.
2477 1538 2536 1627 ¹)

740 1676 929 1742 Hanc
961 1674 1184 1739 autem
1219 1673 1649 1756 etymologiae
1682 1674 2007 1739 rationem
2029 1675 2295 1740 secutus
2320 1675 2804 1743 Alexandrinus

560 1862 568 1868 ,
647 1796 917 1879 quidam
961 1793 1235 1859 fortasse
1277 1791 1555 1856 eandem
1589 1791 1843 1874 Scyllae
1875 1792 2380 1873 originationem
2414 1795 2807 1878 excogitavit

644 1935 721 1981 ac
753 1914 996 1980 Fabius
1029 1911 1418 1977 Planciades
1450 1910 1867 1991 Fulgentius,
1908 1912 2021 1993 qui
2045 1910 2315 1994 Mythol.
2341 1912 2516 1978 Libr.
2546 1913 2605 1977 II
2629 1932 2682 1981 c.
2720 1914 2800 1979 12

646 2034 809 2098 haec
882 2030 1116 2097 tradit:
1203 2028 1524 2112 „Scyllam
1597 2028 1816 2093 ferunt
1887 2028 2206 2111 virginem
2255 2030 2803 2113 pulcherrimam,

645 2168 851 2232 quam
939 2147 1226 2228 Glaucus
1314 2146 1680 2211 Antedonis
1752 2146 1926 2211 filius
1999 2148 2273 2227 amavit,
2351 2167 2551 2231 quem
2621 2148 2806 2215 Circe

649 2266 820 2332 Solis
883 2262 1020 2330 filia
1069 2264 1414 2346 diligebat;
1463 2264 1803 2347 zelataque
1850 2264 2167 2348 Scyllam,
2219 2264 2503 2347 fontem,
2554 2267 2623 2331 in
2672 2286 2803 2350 quo

650 2383 855 2450 lavari
903 2382 1095 2448 solita
1143 2382 1323 2462 erat,
1376 2382 1644 2447 venenis
1690 2381 1935 2448 infecit.
2032 2383 2161 2448 Ubi
2207 2384 2320 2449 illa
2369 2383 2820 2462 descendenS,·
2932 2398 2937 2402 ·

649 2502 736 2568 ab
784 2501 1052 2584 inguine
1087 2500 1260 2583 lupis
1291 2500 1696 2582 canibusque
1728 2501 2001 2566 marinis
2030 2502 2275 2567 inserta
2295 2499 2385 2589 (P)
2421 2503 2536 2568 est.
2590 2502 2807 2586 Scylla

652 2620 828 2685 enim
903 2618 1146 2684 Graece
1215 2619 1405 2702 quasi
1470 2630 1720 2697 σκυλμὸς
1769 2616 1945 2684 dicta
1994 2621 2129 2699 est,
2180 2620 2360 2703 quod
2406 2640 2527 2685 nos
2575 2621 2805 2686 Latine

647 2737 944 2803 confusio
993 2738 1286 2802 dicimus.
1357 2736 1439 2805 Et
1485 2738 1648 2820 quid
1697 2734 1993 2802 confusio
2027 2738 2150 2801 nisi
2184 2737 2385 2803 libido
2419 2740 2561 2805 est?
2602 2757 2801 2821 quam

643 2856 982 2919 libidinem
1030 2853 1316 2919 Glaucus
1366 2855 1547 2919 amat
1570 2852 1632 2932 ,’'
1679 2855 1802 2920 etc.
1858 2851 1915 2941 ²)
2426 2829 2433 2835 ⁵

737 2972 1035 3036 Varietas
1084 2970 1382 3055 fabulae,
1421 2992 1625 3057 quam
1660 2971 1827 3040 Ciris
1860 2974 2138 3056 scriptor
2172 2974 2253 3038 de
2277 2974 2525 3055 origine
2553 2974 2805 3057 Scyllae

651 3090 1041 3155 Homericae
1086 3109 1180 3157 vs,
1236 3092 1322 3156 70
1373 3111 1512 3175 sqq.
1565 3092 1757 3157 affert
1790 3092 1987 3174 plane
2021 3092 2253 3156 eadem
2291 3092 2389 3156 est
2420 3093 2620 3174 atque
2652 3092 2765 3167 illa
2791 3143 2807 3173 ,

646 3228 850 3293 quam
922 3208 1191 3274 Tzetzes
1255 3210 1340 3273 ad
1403 3209 1726 3292 Lycophr.
1796 3210 1930 3274 650
2002 3209 2083 3274 de
2148 3208 2402 3292 Scylla,
2470 3208 2607 3274 Nisi
2669 3209 2806 3276 filia

722 3453 760 3514 ι)
795 3446 877 3503 cf.
915 3446 1167 3503 Meineke
1202 3447 1359 3503 Anal.
1398 3447 1552 3503 Alex.
1587 3464 1707 3519 pag.
1745 3448 1831 3503 98.

719 3548 760 3610 2)
794 3541 1131 3609 HeraclideS,
1187 3560 1346 3615 quem
1383 3542 1546 3598 simili
1581 3542 1741 3599 modo
1776 3542 2010 3598 fabulam
2037 3543 2448 3615 interpretatum
2474 3562 2590 3601 esse
2615 3544 2809 3617 Heyne

648 3654 767 3709 pag.
821 3638 933 3692 169
1001 3655 1277 3710 perperam
1341 3640 1531 3709 putat,
1598 3656 1694 3711 per
1746 3638 1979 3710 Scyllam
2033 3638 2368 3694 omnifariam
2422 3640 2809 3712 impudentiam

650 3732 934 3803 allegorice
988 3732 1310 3805 descriptam
1366 3750 1484 3789 esse
1537 3732 1684 3789 dicit.
1757 3734 1841 3789 Cf.
1895 3734 2111 3789 Heracl.
2148 3734 2451 3805 Allegoriae
2491 3734 2811 3791 Homericae

649 3844 769 3899 pag.
807 3828 910 3882 212
928 3869 944 3894 ,
987 3828 1068 3882 cd..
1091 3828 1213 3883 Nic.
1235 3828 1440 3895 Schow‚
1462 3828 1785 3901 Gocttingae
1806 3828 1969 3887 1782:
1999 3830 2237 3885 Σκύλλαν
2255 3852 2317 3885 τε
2334 3834 2430 3904 τὴν
2449 3831 2809 3903 πολύμορφον

651 3930 924 3985 ἀναίδειαν
962 3932 1342 4005 ἠλληγόρησεν
1355 3974 1370 3999 ,
1407 3934 1493 3987 διὸ
1517 3934 1585 4006 δὴ
1605 3932 1773 3994 κύνας
1790 3932 1889 3987 οὐκ
1908 3933 2127 4005 ἀλόγως
2148 3932 2463 3994 ὑπέζωσται
2479 3936 2809 4004 προτομαῖς,

550 4046 554 4049 ’
651 4035 913 4107 ἁρπαγῇ,
952 4034 1126 4109 τόλμῃ
1155 4033 1241 4089 καὶ
1279 4035 1562 4109 πλεονεξίᾳ
1581 4037 1996 4108 πεφραγμένως
2007 4077 2023 4102 ,
2046 4052 2203 4105 quem
2221 4034 2397 4090 locum
2419 4034 2543 4089 inde
2562 4052 2593 4089 a
2629 4038 2716 4090 διὸ
2739 4038 2808 4109 δὴ

651 4131 728 4187 sic
762 4132 950 4187 scribit
975 4132 1222 4200 ,Mehler,
1262 4133 1531 4190 Heracliti
1566 4134 1742 4205 Alleg.
1779 4134 1943 4189 Hom.
1981 4151 2151 4207 spec.‚
2189 4151 2359 4190 novae
2396 4135 2480 4190 ed.
2514 4152 2566 4207 p.
2604 4135 2696 4189 512
2719 4138 2807 4192 διὸ

652 4236 720 4308 δὴ
759 4233 845 4290 καὶ
891 4241 1066 4291 κυνῶν
1104 4235 1204 4291 οὐκ
1240 4237 1459 4310 ἀλόγως
1499 4238 1815 4299 ὑπέζωσται
1849 4240 2139 4308 προτομὰς
2176 4269 2239 4277 -
2275 4239 2691 4310 πεφραγμένας.
