3392 5292
1651 579 1735 642 13

615 793 940 858 commisit
999 793 1174 858 dono
1237 792 1471 858 Minois
1519 794 1854 875 permota,
1906 812 2028 859 nec
2077 795 2338 859 tantum
2386 813 2638 873 amore,
2690 796 2764 859 ut

615 912 795 994 apud
851 930 1079 975 omnes
1125 912 1411 994 reliquos
1459 911 1752 993 legimus,
1853 911 2201 977 Praeterea
2250 912 2619 978 notandum
2666 912 2765 975 est

614 1028 1041 1113 Aeschylum,
1117 1039 1288 1115 τρίχα
1352 1042 1622 1097 ἀθανάταν
1693 1030 2178 1107 nominantem,
2232 1030 2300 1094 in
2350 1030 2564 1094 medio
2612 1030 2764 1095 reli-

611 1148 865 1231 quisse,
915 1147 1260 1231 qu'usnam
1308 1147 1542 1212 coloris
1592 1144 1725 1212 Nisi
1772 1147 2047 1231 capillus
2094 1146 2308 1213 fuerit.
2408 1148 2549 1211 Hoc
2588 1148 2762 1213 idem

614 1265 770 1331 facit
838 1265 1232 1330 Scholiastes
1303 1266 1388 1330 ad
1460 1265 1753 1348 Dionysii
1808 1266 2178 1348 Periegesin
2224 1265 2362 1330 420
2412 1284 2564 1330 cum
2612 1286 2764 1331 nar-

615 1402 801 1461 ranS,
889 1384 1222 1466 quomodo
1314 1381 1709 1449 Parthenius
1749 1384 2052 1467 'quidam
2122 1384 2402 1449 eandem
2470 1382 2765 1450 fabulam

615 1501 1029 1583 tractaverit,
1113 1501 1329 1566 verbis
1397 1516 1675 1586 μόρσιμον
1735 1514 2009 1581 πλόκαμον
2084 1499 2303 1567 utitur.
2428 1500 2559 1566 Sed
2629 1522 2765 1568 non

614 1620 993 1685 mirandum
1067 1621 1201 1697 est,
1292 1619 1475 1702 quod
1546 1620 1591 1684 ii
1658 1621 1934 1686 summis
2006 1620 2258 1703 digitis,
2345 1622 2422 1687 ut
2494 1621 2760 1697 dicitur,

614 1736 909 1804 fabulam
980 1738 1377 1820 attingentes
1446 1738 1667 1821 potius
1738 1739 2064 1826 tradidere
2135 1740 2261 1804 hoc
2332 1740 2567 1823 capillo
2630 1739 2766 1806 fata

615 1857 832 1939 patria
901 1856 1219 1921 contineri
1290 1876 1492 1939 quam
1557 1857 1739 1940 quod
1788 1857 1985 1922 crinis
2032 1857 2319 1923 colorem
2367 1878 2764 1925 commemo-

614 1974 854 2040 rarent.
956 1973 1203 2041 Contra
1274 1994 1503 2041 omnes
1552 1975 1687 2040 fere
1736 1976 1846 2040 alii
1894 1977 2196 2041 auctores
2246 1976 2502 2041 disertis
2551 1976 2764 2042 verbis

615 2094 940 2159 testantur
1009 2095 1254 2159 crinem
1327 2094 1524 2159 fuisse
1595 2094 1831 2159 coloris
1896 2094 2238 2177 purpurei.
2356 2096 2455 2160 Ita
2517 2095 2762 2179 passim

616 2213 873 2289 noster,
921 2211 1314 2295 plerumque
1361 2213 1437 2278 ut
1484 2213 1702 2277 bonus
1750 2214 1945 2296 poeta
1994 2214 2189 2278 variiS
2236 2214 2450 2278 modis
2482 2214 2759 2278 eandem

614 2349 753 2394 rem
801 2330 1193 2413 significans.
1246 2330 1445 2396 Vide:

776 2466 860 2507 VS.
942 2448 1019 2507 52
1057 2447 1227 2507 Hanc
1269 2465 1377 2524 pro
1417 2465 1715 2526 purpureo
1754 2466 2008 2525 poenam
2052 2447 2336 2508 scelerata
2372 2446 2598 2524 capillo.

804 2597 838 2625 ‚,
916 2552 1027 2611 122
1068 2552 1141 2611 Et
1180 2570 1388 2612 roseus
1427 2552 1621 2613 medio
1663 2554 1941 2629 surgebat
1981 2552 2195 2613 vertice
2237 2551 2432 2612 criniS.

805 2703 839 2731 ,‚
910 2658 1021 2717 281
1069 2657 1445 2735 Purpureum
1485 2656 1666 2734 patris
1711 2656 2101 2734 dempsissem
2138 2656 2352 2717 vertice
2391 2656 2630 2718 crinem.

805 2808 839 2835 „
910 2763 1030 2822 320
1069 2762 1240 2822 Edita
1279 2764 1593 2827 candentes
1634 2768 1939 2839 praetexat
1976 2780 2237 2839 purpura
2279 2780 2477 2821 canOS.

804 2912 838 2940 „
909 2867 1026 2927 382
1069 2866 1560 2944 purpureumque
1599 2873 1770 2944 parat
1804 2885 2011 2926 rursus
2054 2868 2298 2927 tondere
2338 2865 2631 2943 capillum.

804 3016 838 3044 „
910 2973 1025 3031 387
1069 2964 1438 3032 Tum'coma
1479 2970 1722 3031 Sidonio
1764 2970 1981 3032 florens
2025 2971 2309 3032 deciditur
2351 2979 2530 3032 ostro.

805 3120 840 3150 ‚‚
911 3076 1021 3135 501
1069 3075 1390 3136 Puniceam
1432 3076 1731 3137 concussit
1768 3095 1919 3153 apex
1957 3076 2017 3136 in
2059 3076 2274 3137 vertice
2315 3076 2570 3137 cristam.

707 3183 853 3248 Jam
916 3183 1320 3265 Schraderus
1367 3185 1588 3249 noster
1633 3184 1797 3249 vidit
1841 3203 2103 3249 versum
2150 3184 2236 3249 52
2289 3182 2574 3252 effictum
2622 3206 2762 3251 esse

617 3302 702 3367 ad
747 3302 1238 3368 similitudinem
1285 3304 1544 3385 Vergilii
1594 3304 1820 3384 Georg.
1863 3304 1903 3374 ,Ι
1949 3303 2109 3369 405:

814 3443 888 3503 Et
926 3462 1035 3522 pro
1076 3461 1374 3521 purpureo
1416 3462 1638 3521 poenas
1681 3443 1782 3503 dat
1823 3440 2017 3519 Scylla
2059 3442 2290 3521 capi110.

709 3574 880 3640 Cum
927 3575 1028 3640 his
1074 3576 1448 3657 congruunt
1497 3573 1710 3640 Ovidii
1758 3573 2087 3639 Metamm.
2140 3575 2283 3639 VIII
2331 3538 2421 3639 vs.
2477 3576 2555 3640 9:

827 3762 1084 3828 Σκύλλαν,
1122 3758 1204 3817 ἅτ’
1244 3763 1470 3836 ἐχθρῶν
1510 3760 1646 3816 ὑπαι

829 3852 967 3929 φῶτ’
1002 3857 1277 3911 ἀπώλεσεν
1310 3858 1465 3927 φίλον
1501 3854 1804 3931 Κρητικοῖς

828 3955 1298 4026 χρυσοκμήτοισιν
1335 3952 1538 4024 ὅρμοις
1571 3956 1851 4025 πιθήσασα
1890 3953 2126 4024 δώροισι
2167 3951 2345 4020 Μίνω,

830 4044 1004 4102 Νῖσον
1040 4049 1315 4109 ἀθανάτας
1349 4051 1553 4123 τριχὸς
1864 4036 1871 4039 ”

832 4140 1119 4215 νοσφίσασ’
1146 4143 1519 4217 ἀπροβούλως

830 4237 1039 4295 πνέονθ’
1074 4242 1109 4294 ἁ
1143 4243 1433 4311 κυνόφρων
1471 4238 1628 4312 ὕπνῳ.
1661 4241 1903 4313 κιγχάνει
1935 4240 2000 4293 δέ
2031 4258 2103 4293 νιν
2135 4236 2374 4310 (Ερμῆς.
