3392 5292
1689 541 1774 605 32

654 760 968 844 quoniam
1044 757 1318 822 verbum
1386 755 1620 837 infelix
1669 774 1791 839 pro
1837 757 2029 821 miser
2075 755 2157 820 de
2204 756 2583 821 hominibus
2629 757 2812 821 omni

657 878 874 944 aetate
957 875 1456 941 usitatissimum
1527 875 1578 939 si
1589 875 1631 938 t.
1740 874 2038 938 Eandem
2109 873 2196 939 ob
2268 893 2540 941 causam
2610 877 2811 940 etiam

658 1015 829 1077 nego
877 994 1045 1060 Ciris
1090 1012 1183 1056 vs,
1241 992 1409 1056 119:

858 1147 1231 1222 Responsum
1271 1140 1554 1219 quoniam
1592 1141 1735 1203 satis
1776 1149 1867 1203 est
1904 1141 2247 1203 meminisse
2287 1144 2533 1203 deorum

659 1290 1088 1356 imitationem
1135 1287 1339 1351 latere
1385 1286 1646 1367 Vergilii
1695 1287 1859 1351 Aen.
1908 1287 1999 1351 IX
2032 1306 2048 1351 t
2095 1286 2249 1352 134.

1858 1436 1955 1496 Nil
1994 1456 2092 1496 me
2134 1438 2334 1498 fatalia
2371 1444 2630 1513 terrent,

867 1542 930 1603 Si
971 1562 1090 1620 qua
1130 1542 1390 1619 Phryges
1431 1559 1574 1619 prae
1614 1559 1680 1601 se
1716 1542 1969 1618 jactant,
2016 1549 2305 1619 responsa
2346 1544 2593 1603 deorum
2602 1589 2625 1621 ,

666 1702 733 1767 et
766 1699 931 1765 Ciris
969 1718 1057 1763 vs.
1106 1699 1239 1763 323
1280 1697 1498 1765 Scelus
1527 1695 1882 1779 nefandum
1922 1698 2349 1779 desumptum
2391 1717 2533 1763 esse
2574 1718 2654 1763 ex
2688 1698 2816 1764 Ca-

663 1819 809 1887 tulli
855 1818 1143 1883 carmine
1192 1817 1279 1881 64
1306 1839 1322 1881 ε
1355 1817 1488 1881 396
1533 1816 1763 1881 »tellus
1793 1815 2017 1882 scelere
2048 1818 2147 1881 est
2180 1818 2439 1881 imbuta
2470 1816 2815 1898 nefando.”

664 1940 1060 2019 Responsum
1114 1936 1290 2001 enim
1339 1955 1459 2017 pro
1508 1934 1776 2000 oraculo
1816 1936 1960 2019 jam
2009 1936 2292 1999 occurrit
2339 1936 2516 2017 apud
2568 1935 2817 2001 Teren-

668 2058 836 2123 tium
880 2054 988 2140 (cf.
1038 2054 1241 2119 Andr.
1297 2053 1381 2129 4,
1434 2054 1512 2128 2,
1572 2054 1691 2117 15:
1756 2052 1939 2117 »Non
1988 2053 2311 2135 Apollinis
2347 2054 2557 2135 magis
2592 2072 2820 2118 verum

670 2194 872 2258 quam
918 2173 1045 2238 hoc
1083 2170 1623 2254 responsumst.'')
1649 2172 1714 2236 et
1738 2170 1959 2238 Scelus
1980 2172 2336 2253 nefandum
2360 2172 2725 2255 reperimus
2751 2173 2819 2236 in

671 2291 1003 2358 Ciceronis
1050 2291 1133 2355 de
1179 2289 1620 2372 Haruspicum
1651 2308 1969 2371 responso
2010 2309 2068 2354 c.
2104 2292 2229 2355 20:
2274 2293 2493 2373 „post‚
2534 2290 2821 2355 exercitu

671 2411 741 2476 L.
777 2409 1034 2475 Luculli
1071 2408 1418 2474 sollicitato
1439 2454 1455 2484 ,
1497 2427 1614 2491 per
1638 2408 2001 2474 nefandum
2025 2409 2237 2474 scelus
2262 2409 2426 2491 fugit
2451 2406 2670 2474 illinc'’
2695 2411 2818 2473 etc.

763 2528 1061 2611 Denique
1107 2546 1242 2592 non
1291 2545 1562 2610 possum
1593 2527 1834 2592 adduci
1865 2528 1940 2591 ut
1964 2527 2230 2591 credam
2256 2526 2421 2592 Ciris
2446 2545 2637 2592 versu
2663 2526 2816 2593 526.

873 2663 1065 2740 Saepe
1105 2663 1281 2722 deum
1319 2663 1489 2741 laryo
1529 2661 1836 2722 decorarat
1880 2680 2129 2721 munere
2172 2662 2341 2721 sedes

673 2788 1106 2853 imitationem
1155 2788 1422 2853 subesse
1470 2788 1730 2870 Vergilii
1776 2788 1942 2855 Aen.
1992 2788 2095 2853 X:
2123 2788 2281 2853 619.

1996 2947 2054 3001 et
2093 2947 2196 3000 tua
2235 2941 2411 3019 larya

767 3062 771 3066 ’
877 3046 1070 3123 Saepe
1107 3064 1289 3105 manu
1328 3044 1648 3123 multisque
1689 3044 1950 3106 oneravit
1986 3044 2190 3105 limina
2236 3044 2425 3105 donis,

679 3169 884 3251 Magis
953 3169 1259 3234 credibile
1331 3189 1471 3234 esse
1542 3170 1705 3235 mihi
1751 3170 2009 3235 videtur
2056 3169 2557 3235 similitudinem
2606 3188 2685 3235 ex
2733 3169 2824 3233 rei

680 3289 998 3353 tractatae
1065 3289 1457 3369 cognatione
1534 3288 1925 3354 manavisse.
2022 3289 2223 3354 Miror
2283 3288 2618 3372 quomodo
2665 3288 2827 3353 haec

682 3406 905 3471 omnia
961 3406 1435 3472 Baehrensium
1498 3406 1737 3489 fugisse
1802 3408 2169 3490 potuerint,
2239 3407 2626 3490 praesertim
2675 3400 2826 3471 cuin

682 3524 823 3589 aliis
892 3523 1052 3588 lecis
1123 3544 1164 3589 a
1225 3525 1299 3590 L.
1366 3525 1714 3591 Schwabio
1754 3526 2056 3592 indicatis
2105 3525 2349 3592 Catulli
2396 3512 2828 3592 imitationem

683 3642 859 3707 recte
904 3643 1259 3724 negaverit.
1357 3642 1598 3709 Confer
1647 3643 1813 3709 Ciris

764 3758 864 3850 Vs.
925 3758 1004 3818 26
1014 3760 1490 3836 prono-pondere
1525 3779 1662 3820 cum
1685 3758 1898 3821 Catulli
1920 3779 2083 3820 carm
2106 3760 2183 3819 62
2207 3781 2221 3820 ι
2246 3760 2316 3819 51
2335 3760 2829 3837 prono-pondere.

813 3907 838 3936 „
929 3864 1004 3922 78
1026 3866 1563 3941 cupidos-amantes
1597 3910 1621 3938 ‚,
1798 3910 1821 3938 „
1870 3905 1879 3910 -
1996 3908 2020 3938 „
2112 3865 2223 3925 70:
2247 3866 2285 3924 3
2341 3865 2829 3941 cupido-amanti.

816 4010 841 4040 ‚,
895 3966 1008 4026 132
1028 3970 1483 4045 cupidis-ocellis
1602 4014 1627 4043 „
1803 4014 1827 4041 „
2002 4012 2026 4042 „
2117 3969 2195 4028 64
2216 3990 2229 4029 ε
2252 3970 2331 4028 86
2346 3969 2831 4046 cupido-lumine.

816 4114 841 4144 ‚,
893 4071 1008 4130 164
1020 4073 1590 4148 rabidum-furorem
1607 4118 1630 4146 „
1808 4118 1831 4145 „
2012 4117 2035 4145 „
2126 4074 2237 4132 63:
2261 4073 2338 4132 38
2360 4072 2831 4147 rabidus-furor.

816 4220 847 4254 n
896 4175 1013 4236 209
1033 4177 1420 4237 tacito-cubili
1610 4222 1634 4249 „
1812 4221 1835 4250 „
2010 4219 2034 4249 „
2165 4178 2238 4235 6:
2264 4178 2296 4234 7
2352 4178 2602 4238 tacitum
2624 4176 2831 4238 cubile.
