3392 5292
1582 575 1667 635 95

1346 785 1456 862 Vs,
1516 784 1897 849 129-132.

752 924 876 985 Nec
917 942 1055 984 vero
1097 924 1243 983 haec
1287 923 1451 984 vobis
1494 924 1761 984 custodia
1802 943 1952 984 vana
1995 924 2237 998 fuisset,

752 1030 877 1092 Nec
920 1029 1139 1103 fuerat,
1180 1028 1242 1087 ni
1285 1029 1477 1107 Scylla
1517 1048 1670 1090 novo
1713 1036 1995 1107 conrepta
2031 1028 2230 1089 furore
2247 1074 2262 1102 ‚

755 1135 948 1213 Scylla
964 1183 977 1209 ,
1017 1135 1201 1214 patris
1242 1134 1442 1195 miseri
1482 1134 1823 1213 patriaeque
1866 1132 2100 1193 inventa
2143 1134 2522 1211 sepulchrum
2538 1179 2552 1207 ,

756 1240 819 1300 Ov
849 1241 1097 1301 nimium
1140 1240 1366 1318 cupidis
1405 1240 1602 1300 Minoa
1642 1238 1926 1299 inhiasset
1968 1238 2185 1299 ocellis.

624 1386 739 1450 (Vs.
796 1386 898 1441 130
956 1385 1013 1440 ni
1048 1384 1135 1439 H.
1177 1386 1233 1440 in
1274 1384 1328 1439 R.
1364 1383 1468 1438 nisi
1505 1383 1554 1436 A
1597 1382 1645 1437 L
1691 1383 1704 1455 Ι
1751 1385 1995 1455 correpta
2027 1382 2259 1436 boensis:
2297 1380 2620 1453 conceptaO
2659 1385 2685 1444 ΙΙ

558 1498 634 1535 vs.
673 1481 775 1537 132
808 1480 993 1536 Minoa
1028 1482 1377 1535 Lachmannus
1413 1479 1486 1534 ad
1518 1480 1667 1533 Lacr.
1687 1495 1738 1550 p.
1760 1478 1862 1533 162
1883 1476 2075 1543 (Minoi
2091 1477 2702 1548 Schraderopraeeunte)=

560 1576 607 1629 si
641 1593 751 1630 non
790 1575 838 1630 Ο
886 1576 898 1648 Ι
941 1575 1215 1649 inhyasset
1247 1574 1340 1641 R).

653 1719 784 1783 Pro
854 1719 1023 1785 vobis
1065 1716 1218 1806 (vs,
1300 1716 1460 1803 129)
1484 1766 1501 1798 ‚
1566 1718 1746 1801 quod
1795 1716 1946 1781 huic
1993 1715 2138 1781 loco
2186 1736 2320 1781 non
2370 1718 2708 1793 convenit,

561 1836 892 1902 Baehrens
938 1838 1196 1922 scripsit
1242 1837 1472 1916 orinia,
1525 1854 1698 1919 quae
1746 1834 2117 1900 emendatio
2151 1834 2580 1919 praeferenda
2613 1836 2710 1900 est

558 1957 972 2041 conjecturae
1038 1956 1287 2020 Heinsii
1348 1954 1527 2021 urbis
1580 1953 1872 2044 legentis,
1983 1952 2245 2036 „Neque
2293 1952 2538 2034 enim‘’‚
2589 1954 2709 2018 ad-

560 2075 749 2141 notat
795 2074 1128 2140 Baehrens
1175 2074 1261 2138 ad
1309 2074 1487 2138 hunc
1535 2092 1832 2152 versum,
1894 2074 1994 2137 „in
2046 2073 2171 2149 eiS,
2215 2088 2387 2155 quae
2417 2072 2711 2156 proxime

562 2193 961 2272 antecedunt
1031 2192 1112 2256 de
1184 2192 1365 2257 urbis
1435 2192 1761 2268 custodia,
1837 2192 1946 2256 sed
2015 2191 2097 2256 de
2144 2192 2361 2276 capilli
2407 2210 2566 2256 cura
2615 2192 2714 2255 est

562 2308 833 2376 sermo‘’.

656 2429 804 2494 Non
851 2431 950 2495 est
994 2430 1172 2512 quod
1222 2448 1413 2493 versu
1454 2430 1752 2511 sequenti
1785 2430 1984 2494 verba
2013 2450 2127 2495 nec
2156 2429 2375 2512 fuerat
2403 2430 2714 2512 corrupta

563 2547 664 2613 vel
727 2548 1123 2632 interpolata
1184 2549 1514 2632 putemus,
1610 2548 1871 2613 Etenim
1934 2547 2571 2631 subintellegendum
2617 2549 2716 2613 est

564 2671 770 2732 antea.
871 2665 1264 2732 Conferatur
1327 2666 1508 2747 Sillig
1577 2685 1725 2747 pag.
1795 2667 1929 2730 2925
1953 2715 1968 2745 ,
2019 2668 2133 2749 qui
2180 2686 2258 2731 ex
2305 2668 2493 2749 Verg.
2543 2668 2705 2732 Aen.

565 2784 639 2864 V,
694 2785 859 2861 372,
911 2784 1147 2861 Horat.
1194 2784 1317 2849 Od.
1366 2784 1489 2860 ΙΙΙ,
1542 2784 1653 2863 27,
1707 2785 1795 2848 28
1847 2786 1912 2849 et
1962 2784 2103 2850 Cat.
2157 2786 2266 2862 66,
2310 2787 2395 2851 77
2432 2787 2714 2864 ostendit

566 2903 913 2986 scriptores
975 2921 1110 2967 non
1172 2902 1401 2969 semel.
1436 2904 1874 2968 accuratiores
1925 2904 2296 2989 temporum
2344 2905 2715 2970 notationes

568 3022 867 3086 omittere
914 3021 1154 3103 quibus
1202 3020 1367 3085 nihil
1414 3026 1581 3104 opus
1629 3022 1758 3099 est3
1813 3042 1970 3087 nam
2001 3042 2120 3105 per
2150 3024 2570 3106 parenthesin
2602 3023 2715 3088 illa

566 3160 681 3205 nec
746 3139 965 3222 fuerat
1031 3139 1563 3224 interponuntur.
1674 3139 1866 3233 »Vult
1937 3141 2132 3224 poeta
2194 3142 2417 3207 noster
2464 3142 2709 3217 dicere,

569 3258 812 3342 inquit,
888 3259 1018 3324 vim
1089 3259 1287 3345 huJus
1357 3260 1552 3325 crinis
1622 3258 2029 3325 salutiferam
2101 3261 2387 3325 secundo
2451 3280 2714 3343 quoque

570 3378 809 3442 eventu
855 3379 1353 3461 comprobatam
1402 3376 1649 3443 fuisse”.
1705 3378 1936 3443 Merito
1967 3378 2226 3461 Maehhr
2258 3397 2446 3442 versu
2482 3378 2712 3443 ultimo

572 3494 691 3562 heu
735 3516 856 3579 pro
903 3516 938 3562 ο
987 3498 1284 3562 restituit.
1385 3496 1481 3562 Cf.
1535 3496 1702 3563 Ciris
1750 3516 1839 3561 vs.
1893 3497 2015 3560 161
2045 3517 2060 3560 t
2087 3496 2239 3561 Heu
2261 3497 2530 3562 nimium
2554 3501 2717 3561 certo

571 3615 841 3691 mimium
899 3616 1207 3681 torrentia
1266 3617 1417 3681 nisu
1479 3616 1545 3680 et
1603 3617 1748 3681 Aen
1811 3615 1932 3691 XI,
1990 3614 2158 3679 841:
2217 3615 2368 3681 Heu
2411 3615 2710 3690 nimium,

574 3734 746 3817 viryo
764 3784 779 3811 ‚
829 3734 1097 3799 nimium
1142 3734 1390 3799 crudele
1437 3734 1615 3799 luisti
1658 3734 2054 3817 supplicium.

1367 3896 1475 3961 Vs,
1531 3895 1920 3963 133-141,

778 4033 897 4095 Sed
937 4034 1128 4095 malus
1168 4034 1264 4096 ille
1302 4055 1473 4113 puer,
1518 4054 1697 4113 quem
1739 4055 1850 4097 nec
1889 4054 1999 4096 sua
2039 4034 2274 4097 flectere
2313 4042 2502 4097 mater

776 4138 995 4200 Iratum
1033 4140 1247 4219 potuit,
1292 4159 1471 4218 quem
1511 4159 1620 4199 nec
1661 4145 1827 4218 pater
1870 4144 2046 4219 atque
2086 4160 2230 4201 avus
2272 4140 2429 4203 idem

775 4243 1065 4321 Juppster,
1108 4244 1205 4305 ille
1242 4245 1417 4307 etiam
1459 4244 1691 4305 Poenos
1734 4244 2020 4308 domitare
2053 4244 2256 4307 leones
