3392 5292
1603 618 1681 680 61
2414 648 2450 669 ..

645 827 778 891 Nec
832 830 1144 911 pauciora
1191 831 1571 913 anaphorae
1599 819 1917 916 ⁴exempla
1962 836 2420 915 inveniuntur,
2471 837 2549 903 cf.
2602 860 2693 906 νε.

427 984 431 989 -
557 945 639 1009 18
706 966 802 1029 sq.
864 966 1029 1027 non,
1083 967 1175 1011 νε.
1232 948 1316 1011 35
1367 967 1461 1031 sq.
1517 950 1676 1027 tale,
1729 971 1819 1015 vs.
1874 951 1962 1016 42
2015 972 2110 1035 sq.
2161 974 2334 1019 nanc
2374 957 2694 1037 primum,

551 1085 642 1132 νε.
700 1066 828 1129 135
879 1084 1020 1148 sqq.
1070 1064 1181 1131 illo
1212 1067 1436 1145 etiam,
1473 1086 1562 1131 νε.
1610 1068 1742 1133 146
1777 1088 1872 1153 sq.
1915 1071 2212 1151 necdum,
2248 1092 2338 1137 vs.
2390 1073 2517 1138 168
2553 1094 2696 1159 sqq.

549 1203 711 1262 non,
766 1202 858 1247 VS.
919 1183 1046 1247 172
1096 1202 1232 1267 sqq.
1286 1204 1500 1267 saepe,
1552 1205 1642 1251 νε.
1706 1188 1834 1252 178
1886 1208 1982 1272 sq.
2031 1210 2331 1269 nom-vs,
2377 1192 2506 1255 183
2541 1212 2697 1274 que,

549 1320 640 1367 νε.
681 1303 813 1366 358
848 1322 990 1386 sqq.
1026 1323 1225 1380 nunc,
1263 1323 1355 1368 νε.
1394 1304 1525 1369 387
1562 1324 1700 1388 sqq.
1742 1310 1892 1385 tum,
1931 1328 2024 1373 νε.
2065 1309 2190 1373 391
2233 1328 2324 1392 sq.
2356 1310 2697 1388 mirantur,

553 1438 638 1485 νε.
719 1420 852 1485 394
902 1440 1040 1505 sqq.
1092 1421 1203 1486 ille
1259 1423 1480 1501 etiam,
1533 1442 1625 1489 νε.
1675 1424 1806 1489 411
1865 1445 2006 1509 sqq.
2060 1425 2179 1492 illa
2223 1447 2330 1511 eqo
2375 1448 2551 1508 sum,
2605 1448 2692 1494 νε.

550 1537 685 1602 416
759 1558 855 1622 sq.
927 1541 1170 1610 vincta,
1242 1559 1333 1604 νε.
1385 1539 1522 1605 430
1571 1546 1678 1621 ut,
1731 1562 1822 1607 νε.
1874 1544 2010 1609 433
2060 1564 2198 1628 sqq.
2252 1565 2348 1610 me
2393 1566 2548 1625 non,
2602 1566 2692 1611 νε.

549 1657 685 1722 495
733 1658 1013 1742 undique
1058 1659 1428 1738 mutabunt,
1482 1680 1575 1725 νε.
1628 1661 1767 1725 524
1815 1681 1956 1746 sqq.
2011 1682 2216 1747 saepe.

643 1778 1054 1845 Assonantiis
1100 1778 1381 1862 denique
1431 1778 1595 1844 Ciris
1646 1779 1744 1844 tot
1792 1779 2123 1860 abundat,
2160 1781 2235 1845 ut
2269 1799 2349 1844 ex
2378 1782 2700 1846 sexcentis

552 1898 863 1980 exemplis
934 1915 1146 1979 pauca
1220 1896 1455 1979 eligere
1524 1917 1742 1979 cogar.
1839 1897 2027 1977 Quae
2074 1899 2357 1963 maxime
2406 1899 2701 1964 notanda

550 2015 712 2081 haec
784 2014 969 2078 sunt:
1046 2032 1137 2077 vs.
1202 2013 1290 2077 26
1337 2013 1433 2078 Et·
1470 2033 1675 2096 prono
1721 2014 2058 2098 gravidum
2093 2017 2386 2098 provexit
2424 2016 2702 2099 pondere

551 2153 832 2212 currum,
881 2151 973 2196 νε.
1026 2131 1160 2196 205
1215 2130 1506 2198 Goendido
1538 2152 1858 2198 concessos
1891 2133 2174 2199 ascendit
2209 2132 2380 2201 Ciris
2412 2134 2695 2212 honorae,

548 2272 639 2318 νε.
729 2251 863 2315 209
940 2246 1101 2317 Cum
1169 2249 1399 2331 fwrtim
1469 2251 1659 2343 tacito
1729 2250 2106 2317 descendens
2175 2252 2392 2335 Scylla
2467 2254 2691 2333 cubili,

548 2389 639 2437 νε.
695 2365 830 2435 305
880 2368 1277 2451 Dictynnam
1323 2368 1539 2434 dixere
1584 2374 1692 2435 tuo
1740 2368 1817 2434 de
1861 2371 2112 2435 nomine
2140 2370 2362 2436 lunam
2382 2420 2398 2451 ‚
2435 2392 2528 2436 vs.
2567 2372 2698 2437 345

546 2488 822 2555 mulcens
859 2486 1242 2569 praecordia
1280 2486 1518 2569 palmis
1536 2537 1551 2566 ,
1603 2507 1700 2553 νε.
1755 2489 1888 2553 382
1938 2489 2465 2573 Purpureumque
2505 2496 2702 2573 poerat

545 2626 777 2672 rursus
858 2605 1112 2672 tondere
1198 2605 1497 2689 capillum
1515 2659 1529 2682 ‚
1620 2626 1712 2671 νε.
1789 2606 1924 2672 477
2000 2608 2438 2692 Αερίηωνηραε
2507 2608 2698 2674 simul

546 2726 1147 2809 serpentiferamque
1192 2723 1545 2807 Seriphum.

640 2843 826 2909 Adde
894 2843 1025 2909 huc
1094 2844 1310 2926 quod,
1379 2845 1452 2909 ut
1500 2862 1704 2927 supra
1754 2863 1898 2926 pag.
1952 2844 2042 2909 43
2086 2844 2227 2928 Jam
2279 2846 2693 2928 monuimuS,

548 2963 818 3046 excepto
892 2960 1313 3046 epithalamio
1385 2962 1498 3027 illo
1573 2962 1948 3028 Catulliano
2023 2963 2204 3028 nullo
2277 2965 2346 3028 in
2411 2966 2700 3030 carmine

546 3081 784 3146 Latino
853 3100 974 3163 pro
1022 3100 1329 3146 versuum
1377 3100 1655 3146 numero
1706 3082 1805 3148 tot
1855 3101 2079 3147 versus
2127 3083 2465 3165 spondiaci
2513 3104 2700 3168 repe-

548 3202 808 3267 riuntur
841 3202 904 3266 et
937 3202 1252 3266 concedes
1285 3201 1826 3267 verisimillimum
1859 3221 1998 3267 esse
2031 3204 2368 3268 auctorem
2401 3204 2702 3269 nostrum

546 3320 974 3387 Alexandrini
1021 3322 1254 3403 poetae
1302 3341 1567 3388 carmen
1614 3322 1979 3388 imitatione
2028 3296 2440 3406 expressisse.

640 3548 831 3615 Nunc
893 3569 1049 3616 vero
1110 3552 1409 3635 quaestio
1456 3551 1695 3629 oritur,
1749 3550 2054 3634 quisnam
2103 3550 2209 3614 ille
2256 3550 2452 3633 poeta
2497 3549 2697 3615 Alex-

547 3670 864 3736 andrinus
936 3669 1163 3749 fuerit,
1215 3671 1301 3736 ad
1348 3671 1537 3755 cujus
1586 3670 1921 3753 exemplar
1967 3669 2133 3735 Ciris
2178 3664 2541 3751 composita
2587 3668 2692 3733 sit.

544 3791 940 3874 Priusquam
1011 3789 1235 3853 autem
1287 3786 1450 3852 haec
1498 3787 1766 3851 uberius
1815 3803 2106 3868 expono,
2159 3802 2372 3868 pauca
2423 3784 2504 3848 de
2553 3802 2697 3849 car-

546 3911 740 3977 minis
810 3908 1077 3974 auctore
1146 3906 1381 3971 Latino
1440 3905 1673 3971 dicam.
1772 3904 2030 3969 Etenim
2076 3921 2485 3987 quamquam
2535 3901 2700 3968 Ciris

545 4031 739 4112 vulgo
810 4026 1088 4109 Vergilio
1158 4024 1583 4104 adscribitur,
1634 4023 1902 4088 minime
1951 4022 2206 4088 silentio
2256 4021 2690 4104 premendum

547 4150 680 4227 est,
730 4145 1019 4211 eruditos
1065 4143 1190 4208 hac
1241 4143 1320 4207 de
1369 4161 1440 4206 re
1488 4160 1621 4207 non
1671 4142 2074 4218 consentire,
2131 4140 2272 4205 aliis
2325 4140 2528 4205 alium
2574 4156 2695 4221 pro
2787 4236 2792 4239 -

548 4268 816 4335 auctore
862 4258 1282 4329 habentibus,
