3392 5292
1591 632 1674 697 67

556 868 615 913 a.
668 846 821 914 Chr.
871 848 1005 913 sive
1051 867 1205 913 cum
1254 847 1647 913 Baehrensio
1704 844 1811 933 (cf.
1863 848 2108 913 Poetae
2130 848 2270 913 Lat.
2300 849 2458 915 Min.
2487 869 2551 933 p.
2585 850 2704 937 32)

552 966 726 1031 intra
772 985 983 1032 annos
1038 966 1307 1032 18—16
1356 987 1397 1032 a
1444 965 1599 1033 Chr.
1649 966 1958 1033 carminis
1991 967 2533 1049 compositionem
2566 969 2702 1033 sta-

556 1084 840 1150 tuamus.

644 1320 793 1386 Jam
842 1340 991 1386 vero
1039 1322 1125 1387 ad
1173 1322 1363 1406 cujus
1411 1321 1643 1404 poetae
1691 1320 2127 1421 Alexandrini·
2168 1323 2505 1419 enemplar
2542 1323 2706 1390 Ciris

553 1438 915 1521 composita
964 1439 1083 1522 sit,
1136 1439 1638 1523 disquirendum
1688 1441 1807 1506 est.

645 1558 1072 1639 Alexandrini
1137 1562 1281 1626 aevi
1343 1557 1691 1643 poetarum
1755 1559 1888 1625 duo
1937 1561 2198 1625 tantum
2217 1609 2234 1641 ,
2285 1560 2465 1643 quod
2513 1560 2706 1647 nobis

552 1682 963 1761 compertum
996 1682 1121 1761 est,
1158 1681 1410 1764 Scyllae
1445 1681 1738 1747 fabulam
1762 1679 2228 1759 narraverunt,
2264 1678 2706 1745 Callimachus

553 1796 619 1861 et
664 1797 1059 1864 Parthenius
1106 1799 1401 1882 quidam.

618 1914 1121 1982 ‘Callimachum
1193 1918 1471 1983 eandem
1541 1916 1837 1982 fabulam
1911 1917 2224 1981 tractasse
2288 1915 2564 1997 apparet
2625 1933 2704 1978 ex

550 2032 781 2116 fragm.
847 2034 975 2101 inc.
1033 2034 1201 2113 184,
1251 2036 1431 2119 quod
1478 2035 1717 2117 legitur
1764 2035 1942 2118 apud
1990 2034 2204 2118 Etym.
2253 2035 2470 2115 Magn.
2526 2030 2699 2112 819,

548 2153 595 2217 4
644 2153 712 2219 et
758 2154 938 2237 apud
985 2153 1261 2219 Suidam
1307 2154 1378 2217 in
1431 2172 1583 2218 voce
1634 2164 1854 2233 φύδοςε

760 2336 972 2393 Σκύλλα
1020 2339 1156 2411 γυνὴ
1215 2341 1524 2402 κατακᾶσα,
1562 2331 1649 2389 καὶ
1690 2334 1758 2389 οὐ
1803 2332 1988 2402 ψύθος
2025 2327 2210 2399 οὔνομ’
2255 2330 2489 2407 ἔχουσα.

642 2505 1122 2574 Callimachum
1152 2528 1305 2591 ergo
1331 2508 1651 2574 Graecum
1678 2525 1944 2571 carmen
1967 2504 2412 2588 composuisse
2435 2505 2703 2587 putares

547 2626 747 2709 idque
815 2646 893 2693 eo
957 2628 1205 2709 magiS‚
1293 2627 1471 2710 quod
1537 2628 1605 2692 in
1677 2625 1810 2692 Ciri
1881 2623 2063 2689 locus
2133 2625 2269 2704 est,
2344 2622 2458 2705 qui
2529 2622 2701 2687 hanc

548 2745 943 2811 sententiam
991 2746 1421 2829 comprobare
1470 2745 1749 2810 videtur.

641 2863 837 2943 Quod
884 2865 1060 2929 enim
1106 2866 1303 2951 poeta
1348 2865 1571 2928 noster
1620 2881 1708 2928 vs,
1766 2862 1891 2926 351
1933 2880 2028 2944 sq.
2068 2861 2150 2926 de
2182 2859 2476 2942 Hespero
2511 2858 2695 2924 dicit:

750 3050 943 3126 Quem
982 3052 1226 3131 pavidae
1266 3051 1505 3113 alternis
1548 3049 1800 3128 fugitant
1841 3055 2163 3128 optantque
2204 3050 2433 3128 puellae

748 3155 1103 3234 Hesperium
1141 3156 1353 3232 vitant,
1394 3162 1600 3235 optant
1640 3157 1949 3217 ardescere
1989 3154 2183 3215 Eoum

548 3337 615 3402 in
687 3337 1069 3405 Callimachi
1140 3339 1382 3406 Hecale
1452 3337 1706 3423 (fragm.
1783 3334 1923 3424 LII)
1997 3335 2228 3401 iisdem
2300 3334 2434 3400 fere
2490 3336 2699 3400 verbis

549 3458 895 3540 reperitur:

758 3640 935 3697 Αὐτὸν
971 3642 1072 3710 μὲν
1110 3617 1379 3715 φξλέουσ’,
1420 3642 1589 3699 αὐτὸν
1630 3644 1695 3697 δέ
1734 3662 1798 3698 τε
1841 3642 2185 3715 πεφρίκασιν.

751 3740 1043 3818 Ἑστέέριον
1080 3748 1430 3819 στυγέουσιν,
1474 3746 1619 3818 ἀτὰρ
1645 3745 1929 3817 φιλέουσιν
1963 3740 2154 3819 Ἑῷον.

641 3926 1182 3996 Perincommode
1246 3933 1469 3997 tamen
1530 3931 1798 4003 accidit.
1866 3930 2047 4015 quod
2112 3932 2469 4014 utrumque
2526 3930 2700 4013 frag-

548 4048 845 4112 mentum
909 4069 1043 4114 non
1092 4050 1326 4115 eodem
1374 4069 1452 4115 ex
1500 4049 1791 4116 carmine
1841 4051 2261 4133 desumptum
2313 4050 2430 4115 est.
2528 4049 2696 4114 Illud

548 4163 723 4228 enim
794 4164 1235 4247 fragmentum
1302 4167 1627 4233 incertum
1705 4168 1839 4234 184
1904 4189 1983 4234 ex
2053 4169 2257 4235 Aetiis
2331 4188 2544 4253 neque
2617 4188 2697 4232 ex

550 4279 789 4348 Hecale
853 4284 1123 4349 ductum
1190 4304 1330 4349 esse
1394 4282 1501 4372 (ut
1570 4286 1765 4370 Toup
1833 4287 2102 4354 Emend.
2179 4289 2266 4353 III
2338 4307 2398 4371 p.
2461 4286 2591 4351 116
2643 4286 2706 4353 et
2824 4368 2835 4377 ·
