3392 5292
1628 630 1668 692 9

577 844 1169 910 transformationis
1239 863 1373 909 non
1444 845 1730 910 afferunt
1774 844 2009 909 Minois
2058 863 2350 908 amorem
2397 844 2512 909 sed
2560 845 2719 910 Am-

578 963 878 1046 phitrites
925 962 1254 1040 offensam„
1290 962 1390 1027 vel
1436 963 1704 1026 Veneris
1750 956 1937 1027 iram.

672 1198 866 1285 Quod
929 1199 1152 1263 autem
1215 1200 1412 1282 poeta
1459 1200 1684 1263 noster
1732 1199 1813 1263 de
1862 1196 2088 1263 fabula
2136 1196 2482 1262 Homerica
2531 1198 2721 1277 dicit,

577 1317 644 1380 id
729 1335 809 1379 ex
880 1319 1069 1399 parte
1148 1319 1409 1384 tantum
1480 1336 1707 1382 verum
1779 1318 1891 1381 est.
1994 1316 2251 1381 Etenim
2325 1335 2404 1380 ex
2487 1315 2715 1399 Odyss

578 1434 694 1499 XII
751 1434 881 1499 124
930 1454 1055 1517 sq.:

860 1604 996 1657 ἀλλὰ
1030 1604 1178 1669 μάλα
1213 1606 1489 1675 σφοδρῶς
1523 1604 1714 1668 ἐλάαν,
1751 1603 2031 1672 βωστρεῖν
2070 1601 2133 1655 δὲ
2169 1598 2432 1671 Κραταιίν

861 1727 1078 1799 μητέρα
1113 1729 1214 1797 τῆς
1250 1723 1518 1796 Σκύλλης,
1555 1723 1593 1795 ἥ
1625 1742 1715 1789 μιν
1750 1724 1872 1777 τέκε
1906 1727 2058 1794 πῆμα
2092 1722 2403 1792 βροτοῖσιν,

581 1897 715 1942 non
764 1879 1058 1962 sequitur
1089 1878 1394 1943 Crataein
1428 1877 1715 1961 Scyllam
1738 1885 2089 1946 monstrum
2114 1880 2434 1961 genuisse.
2488 1880 2725 1944 Echid-

581 2016 739 2061 nam
784 1996 1039 2080 Scyllae
1085 1997 1365 2061 matrem
1398 1997 1735 2062 vindicans
1767 1998 1963 2080 poeta
1996 1997 2273 2061 eandem
2307 1997 2727 2077 theogoniam

581 2113 842 2177 secutus
890 2132 1028 2176 esse
1075 2113 1331 2177 videtur
1371 2114 1568 2196 atque
1603 2108 1900 2196 Hyginus
1932 2116 2000 2179 in
2033 2114 2166 2180 fine
2198 2114 2725 2196 genealogiarum

587 2228 692 2317 (cf.
748 2231 849 2294 ed.
899 2231 986 2296 M.
1022 2230 1320 2296 Schmidt
1352 2252 1414 2314 p.
1461 2232 1579 2307 12,
1625 2234 1765 2316 15):
1824 2234 1965 2311 „Ex
1996 2234 2318 2317 Typhone
2343 2234 2408 2297 et
2432 2233 2728 2297 Echidna

586 2349 882 2429 Gorgon,
966 2348 1320 2427 CerberUS‚
1399 2350 1597 2416 draco
1668 2352 1783 2434 qui
1855 2353 2092 2435 pellem
2164 2371 2435 2417 auream
2508 2351 2729 2415 arietis

585 2466 842 2531 Colchis
873 2468 1210 2545 servabat,
1245 2468 1490 2551 Scylla,
1519 2489 1691 2553 quae
1715 2468 2122 2554 superiorem
2145 2471 2403 2554 partem
2428 2470 2727 2548 feminae,

582 2583 952 2650 inferiorem
1022 2586 1202 2649 canis
1272 2584 1586 2666 habuit‚’'
1657 2589 1775 2654 etc.
1855 2587 1953 2654 Cf.
2026 2588 2157 2654 fab.
2218 2590 2383 2666 151,
2436 2588 2729 2673 ejusdem

581 2703 881 2767 editionis
927 2723 992 2786 p.
1045 2704 1167 2780 25,
1224 2704 1337 2767 ubi
1386 2706 1617 2769 eadem
1665 2706 1799 2771 fere
1848 2708 2217 2773 traduntur.

679 2821 840 2899 Quis
904 2823 1125 2888 autem
1181 2822 1596 2905 mythologus
1645 2823 1876 2906 fuerit,
1926 2826 2042 2909 qui
2088 2826 2156 2890 in
2207 2826 2460 2908 Scyllae
2507 2824 2731 2889 fabula

581 2938 919 3003 libidinem
966 2939 1360 3023 descriptam
1408 2962 1546 3009 esse
1593 2945 1953 3027 putaverit,
2009 2945 2362 3008 memoriae
2408 2963 2543 3008 non
2578 2962 2730 3025 pro-

587 3058 798 3122 ditum
846 3061 958 3125 est.
1030 3061 1228 3128 Haud
1267 3062 1697 3145 improbabile
1733 3062 1953 3127 tamen
1986 3062 2147 3126 mihi
2178 3062 2437 3127 videtur
2467 3061 2733 3144 poetam

586 3175 1142 3258 Alexandrinum,
1231 3201 1430 3264 quem
1503 3182 1894 3265 etymologia
1968 3181 2252 3245 nominis
2322 3179 2576 3263 Scyllae
2612 3178 2731 3242 ”ad

587 3295 768 3360 illam
847 3299 1244 3363 sententiam
1323 3299 1705 3377 adduxerit,
1791 3300 1895 3365 hic
1978 3301 2203 3364 nostro
2284 3298 2439 3362 ante
2509 3297 2735 3361 oculos

587 3412 800 3479 fuisse.
920 3415 1444 3481 Alexandrinum
1538 3417 1715 3493 dic0,
1792 3436 2199 3500 quamquam
2263 3416 2443 3481 haud
2514 3416 2731 3480 nescio

588 3532 816 3614 poetas
887 3532 1169 3600 Graecos
1242 3536 1560 3618 cujusque
1632 3535 1773 3599 aevi
1843 3548 2205 3619 ἐτυμολογεῖν
2259 3553 2503 3599 amare.
2601 3534 2731 3599 Sed

588 3650 750 3714 haec
820 3670 955 3716 non
1030 3654 1379 3719 invenusta
1449 3661 1604 3719 sunt
1677 3654 1877 3719 veluti
1939 3654 2113 3737 Ajax
2156 3672 2195 3717 a
2246 3652 2446 3717 verbo
2496 3662 2730 3727 αἰάζειν,

591 3768 923 3835 Odusseus
971 3791 1010 3837 a
1061 3772 1257 3837 verbo
1307 3782 1659 3839 ὀδύσσεσθαι
1697 3771 1843 3837 alia.
1877 3770 1929 3858 ¹)
1982 3770 2426 3855 Etymologiae
2461 3770 2727 3847 contra,

659 4088 697 4152 ι)
751 4086 834 4142 Cf.
888 4088 1028 4143 Clar.
1077 4088 1137 4143 C.
1191 4088 1267 4143 M.
1320 4086 1627 4143 Francken:
1693 4086 2034 4160 „Disputatio
2074 4085 2261 4142 critica
2294 4086 2360 4141 de
2395 4084 2733 4155 antiquarum

589 4180 842 4254 Aeschyli
875 4182 1376 4255 interpretationum
1406 4224 1560 4237 .....
1582 4182 1937 4238 auctoritem&
1975 4198 2096 4254 pag.
2131 4182 2200 4235 49
2237 4198 2359 4252 sqq,
2400 4178 2495 4233 ubi
2525 4176 2732 4233 videbis

592 4278 734 4333 hune
773 4278 979 4341 ,lusum
1015 4278 1071 4333 in
1107 4277 1299 4350 etymis
1336 4278 1617 4334 verborum
1657 4278 1924 4350 Aeschylo
1942 4294 2195 4349 perquam
2213 4276 2544 4347 frequentem
2563 4271 2735 4329 esse.''
