3392 5292
1627 631 1714 693 83

598 865 857 911 marum
927 847 991 911 in
1057 846 1308 926 fontem
1358 844 2003 910 transformationem
2053 843 2315 909 fabulae
2364 844 2748 909 varietatem

596 985 753 1031 suae
802 965 1172 1048 oppositam
1220 964 1579 1029 memorat:
1634 972 1771 1047 φασὶ
1813 975 1878 1029 δέ
1917 992 2063 1035 τινες
2097 970 2185 1028 καὶ
2215 975 2322 1061 dm)
2351 979 2462 1028 τῶν
2493 970 2746 1045 δακρύων

458 1134 463 1141 .
570 1078 791 1167 ’κρήνην
844 1097 1047 1168 ῥυῆναι
1097 1093 1207 1168 ἰδίᾳ
1250 1096 1346 1167 τὴν
1386 1094 1721 1166 καλουμένην
1768 1092 2034 1173 Βυβλίᾷα.
2061 1080 2106 1163 1)

689 1200 927 1267 Nostra
998 1202 1065 1266 in
1138 1200 1365 1267 fabula
1434 1200 1784 1265 discrimen
1847 1201 2134 1283 positum
2207 1200 2304 1263 est
2341 1177 2444 1263 ,in
2493 1198 2744 1281 Scyllae

597 1321 804 1397 sorte,
855 1339 1007 1385 cum
1055 1320 1212 1385 urbs
1260 1320 1455 1403 capta
1503 1320 1618 1384 est.
1721 1318 1810 1415 Ut
1859 1320 2036 1384 enim
2077 1317 2460 1384 Eustathius
2509 1316 2747 1382 diserte

598 1438 894 1519 testatur,
962 1438 1362 1522 Parthenius
1411 1438 1680 1504 tradidit
1726 1435 2013 1503 Minoem
2060 1438 2376 1519 virginem
2425 1455 2460 1499 e
2507 1434 2746 1516 guber-

596 1556 834 1621 naculo
881 1557 1167 1622 vinctam
1213 1557 1282 1621 in
1329 1575 1513 1620 mare
1560 1555 1896 1639 dejecisse,
1953 1555 2132 1638 apud
2181 1554 2486 1619 Ovidium
2518 1554 2748 1617 contra

596 1673 871 1757 legimus
920 1674 1205 1758 Scyllam
1244 1694 1284 1739 a
1324 1675 1539 1739 Minoe
1573 1674 1956 1740 destitutam
1991 1692 2142 1738 eum
2177 1673 2458 1738 Invitum
2487 1672 2746 1758 insequi

602 1791 761 1857 velle
810 1794 875 1858 et
919 1793 1163 1858 insilire
1212 1794 1281 1858 in
1334 1812 1535 1875 mare.

691 1910 822 1975 Sed
879 1911 1176 1976 omnium
1239 1911 1710 1976 absurdissima
1774 1912 1871 1976 est
1918 1910 2211 1993 ejusdem
2259 1908 2546 1973 auctoris
2594 1926 2746 1971 sen-

602 2028 833 2107 tentia,
911 2048 1083 2111 quae
1144 2049 1292 2112 pag.
1344 2030 1384 2094 8
1438 2029 1755 2094 occurrit:
1813 2028 2119 2111 „Optime
2167 2045 2318 2091 cum
2367 2026 2744 2091 narratione

597 2146 919 2212 Ovidiana
965 2148 1369 2229 congruunt,
1420 2167 1591 2230 quae
1640 2146 1773 2211 Ciri
1804 2148 2142 2229 poemate,
2176 2146 2355 2228 quod
2388 2144 2552 2209 falso
2584 2143 2743 2207 Ver-

596 2265 747 2347 gilio
819 2265 1144 2343 tribuitur,
1220 2242 1410 2331 nobis
1484 2266 1854 2342 traduntur,
1929 2264 2054 2329 nisi
2123 2264 2300 2347 quod
2349 2262 2605 2345 singula
2653 2262 2744 2327 ibi

596 2384 918 2466 copiosius
1007 2386 1390 2450 tractantur.
1488 2374 1963 2466 Praeterquam
2032 2384 2206 2447 enim
2278 2381 2458 2466 quod
2531 2382 2742 2446 totum

594 2504 1057 2595 argumentum
1105 2501 1281 2567 idem
1329 2505 1457 2580 est,
1512 2504 1797 2568 maxime
1845 2504 2216 2583 congruunt
2248 2502 2316 2566 hi
2345 2500 2506 2565 loci:
2554 2498 2735 2564 ovid.

595 2620 745 2683 Met.
796 2619 973 2700 VIII,
1030 2623 1069 2683 8
1122 2614 1322 2704 seqq:

1233 2822 1344 2884 Cui
1382 2822 1493 2899 (sc.
1535 2823 1709 2900 Niso)
1749 2822 2090 2902 splendidus
2131 2828 2294 2883 ostro

794 2924 948 2985 Inter
987 2926 1308 2987 honoratos
1348 2928 1543 2987 medio
1588 2929 1659 2988 de
1701 2928 1915 2989 vertice
1957 2947 2137 2989 canos

796 3029 987 3091 Crinis
1027 3030 1395 3107 inhaerebat,
1438 3032 1638 3109 magni
1679 3033 1892 3093 fiducia
1933 3032 2096 3111 regni
2114 3077 2128 3106 ‚

594 3211 658 3274 et
706 3212 937 3276 auctor
985 3210 1150 3275 Ciris
1199 3230 1286 3276 νε.
1350 3212 1478 3276 120
1528 3230 1665 3294 sqq.

792 3398 947 3459 Nam
988 3399 1178 3477 capite
1258 3402 1331 3461 ab
1374 3420 1609 3462 summo
1650 3402 1830 3479 regiS‚
1871 3402 2136 3464 mirabile
2178 3402 2361 3475 dictu,

793 3502 1057 3563 Candida
1100 3504 1417 3579 caesarieS,
1460 3506 1748 3567 florebant
1788 3513 2060 3593 tempora
2097 3508 2264 3568 lauro
2286 3553 2300 3580 ,

793 3607 867 3667 Et
904 3627 1113 3668 roseus
1156 3610 1351 3669 medio
1394 3610 1651 3687 fulgebat
1689 3610 1904 3671 vertice
1947 3610 2153 3671 crinis:

788 3712 971 3773 Cuius
1014 3733 1193 3791 quam
1234 3721 1461 3776 servata
1502 3716 1601 3776 diu
1640 3723 1854 3776 natura
1882 3715 2102 3777 *fuisset
2479 3794 2492 3803 ·

791 3817 943 3879 Tam
982 3818 1235 3896 patriam
1272 3819 1608 3881 incolumen
1648 3820 1777 3881 Nisi
1817 3839 2182 3898 regnumque
2225 3820 2490 3880 futurum

794 3922 1131 3985 Concordes
1172 3924 1363 3987 stabili
1406 3926 1716 4001 firmarunt
1756 3925 1997 3987 numine
2037 3926 2276 3987 Parcae.

661 4199 695 4259 ι)
749 4196 832 4254 Of.
867 4189 1007 4265 Περὶ
1048 4193 1327 4264 ἐρωτικῶν
1366 4194 1702 4267 παθημάτων
1759 4201 1824 4257 11
1863 4206 1916 4258 et
1952 4207 2228 4275 praeterea
2265 4202 2542 4261 Meinekez
2581 4208 2740 4262 Anal.

594 4288 746 4345 Alex.
788 4310 903 4366 pag.
941 4293 1043 4349 285
1081 4297 1137 4349 et
1178 4294 1398 4353 Rohde=
1436 4292 1530 4350 der
1565 4295 1908 4353 Griechische
1946 4298 2153 4354 Roman
2189 4318 2308 4375 pag.
2343 4300 2428 4355 96.
