3392 5292
1559 636 1638 698 91

528 853 905 936 approbans
978 852 1101 915 sub
1177 856 1432 916 auctore
1492 850 1750 915 Ulixem
1796 852 2082 935 intellegi
2132 854 2303 927 vult,
2359 855 2676 921 vocabula

526 956 726 1055 vayths
758 969 969 1035 dubiis
991 969 1310 1036 erroribus
1339 968 1598 1035 Graecis
1622 980 1974 1054 πολύτροπος
1997 984 2064 1043 ὃς
2075 984 2222 1050 μάλα
2237 983 2408 1039 πολλὰ
2422 985 2676 1061 πλάγχθη

527 1088 922 1179 respondere
963 1088 1217 1172 judicat
1266 1090 1328 1153 et
1375 1089 1641 1154 istorum
1688 1088 1774 1151 ad
1807 1108 2032 1153 versus
2066 1089 2335 1154 58—61
2379 1092 2677 1173 spectare

527 1207 735 1290 putat.
834 1207 904 1271 Si
977 1207 1373 1272 Beahrensio
1446 1207 1772 1271 credimus
1818 1206 2027 1272 mabus
2075 1213 2296 1273 auctor
2343 1210 2442 1273 est
2481 1210 2679 1274 miser

524 1325 741 1389 Ulixes
791 1326 855 1389 et
902 1326 1217 1390 mendum
1265 1325 1483 1409 potius
1529 1328 1596 1390 in
1645 1345 1802 1391 voce
1857 1327 2123 1391 istorum
2159 1325 2351 1406 latet,
2390 1347 2510 1410 pro
2543 1348 2674 1411 quo

524 1442 729 1525 astasius
777 1443 1074 1527 conjecit.
1149 1444 1625 1527 Interpretatur
1672 1464 1864 1525 ergo,
1915 1446 1984 1508 ni
2015 1444 2220 1523 fallor,
2258 1465 2519 1511 versum
2552 1447 2674 1511 hoc

524 1562 757 1628 modo:
809 1581 930 1626 nec
978 1561 1193 1626 dubiis
1241 1563 1569 1627 erroribus
1617 1563 1833 1627 malus
1866 1565 2098 1629 auctor
2129 1564 2395 1629 istorum
2430 1563 2668 1650 (neutr.

471 1766 475 1771 .
525 1677 701 1763 gen.)
771 1678 869 1743 vel
931 1681 1137 1761 ipsius
1201 1677 1271 1765 (i.
1338 1700 1391 1745 e.
1460 1680 1782 1767 Homeri).
1879 1680 2087 1746 Porro
2135 1701 2327 1746 versu
2376 1684 2674 1766 sequenti

522 1797 771 1880 iamque
816 1817 935 1880 pro
982 1818 1251 1881 namque
1297 1799 1536 1881 posuit.

617 1915 746 1980 Sed
809 1917 940 1980 sive
1001 1917 1251 2000 iamque
1313 1917 1448 1981 sive
1508 1936 1781 2000 namque
1826 1918 2003 1998 leg0‚
2059 1918 2180 1982 hos
2230 1920 2400 1983 viros
2447 1920 2674 1985 doctos

522 2036 787 2100 secutus
834 2054 1205 2101 connexum
1255 2055 1563 2101 versuum
1612 2036 1877 2099 63—91
1938 2035 2313 2117 intellegere
2353 2056 2487 2102 non
2519 2058 2669 2120 pos-

522 2172 687 2221 sum.
765 2153 924 2219 Mihi
971 2155 1296 2237 optimum
1335 2156 1592 2220 videtur
1622 2173 1893 2236 namque
1924 2154 2204 2218 retinere
2237 2156 2435 2237 atque
2469 2155 2671 2220 inter-

523 2272 802 2354 pretari:
853 2291 973 2337 nec
1019 2272 1236 2338 malus
1281 2274 1513 2338 auctor
1559 2292 1759 2357 quem
1805 2275 2040 2357 poetae
2088 2273 2193 2339 isti
2229 2272 2335 2359 (=
2357 2274 2666 2355 istorum,

466 2407 474 2417 ·
522 2389 603 2454 cf.
653 2409 741 2455 vs,
797 2388 917 2477 54)
967 2390 1035 2455 in
1085 2392 1322 2457 fabulis
1370 2366 2034 2475 conglutinandis(=
2065 2391 2280 2460 dubiis
2315 2392 2672 2477 erroribus)

521 2508 725 2572 secuti
770 2510 941 2574 sunt.
1044 2509 1365 2589 Quisnam
1411 2512 1625 2576 malus
1672 2511 1780 2576 ille
1828 2513 2058 2575 auctor
2104 2510 2330 2592 fuerit,
2377 2512 2504 2577 dici
2534 2531 2669 2576 non

520 2626 755 2709 potest.
779 2614 785 2618 ’
805 2627 1081 2692 Poetam
1114 2628 1359 2693 famam
1393 2630 1604 2693 dicere
1624 2678 1639 2708 ‚
1673 2631 1748 2694 ut
1781 2629 2140 2710 Hertzberg
2173 2631 2398 2713 putat,
2430 2649 2668 2713 parum

520 2746 860 2828 probabile
906 2746 1068 2811 mihi
1120 2747 1392 2812 videtur.

1356 2982 1462 3055 Vs.
1518 2991 1813 3055 77-892,

719 3204 836 3264 Seu
878 3224 1016 3263 vero
1034 3251 1047 3277 ‚
1090 3210 1156 3263 ut
1197 3204 1533 3281 perhibent,
1579 3206 1770 3265 forma
1811 3225 1948 3265 cum
1989 3206 2243 3267 vinceret
2285 3207 2475 3287 omnis

717 3306 791 3367 Et
832 3307 1077 3385 cupidos
1122 3315 1371 3385 quaestu
1410 3309 1633 3387 passim
1672 3313 1982 3388 popularet
2021 3317 2314 3384 amanteS,

722 3411 990 3474 Piscibus
1032 3420 1090 3473 et
1134 3414 1495 3491 canibusque
1535 3414 1704 3475 malis
1748 3416 1957 3476 vallata
1995 3422 2291 3493 repentest

718 3516 1029 3577 Horribilis
1069 3518 1292 3579 circum
1332 3518 1474 3579 vidit
1511 3538 1575 3579 se
1616 3520 1822 3580 sistere
1863 3521 2112 3594 formaS,

718 3621 880 3697 (Heu
922 3621 1193 3699 quotiens
1234 3623 1447 3684 mirata
1486 3643 1670 3683 novos
1713 3624 1992 3702 expalluit
2030 3631 2222 3686 artus!

714 3726 847 3802 Ipsa
894 3744 1035 3786 suos
1078 3726 1349 3804 quotiens
1390 3729 1507 3789 heu
1547 3728 1848 3806 pertimuit
1887 3730 2130 3791 latratus
2147 3730 2189 3805 1)

592 3916 710 3981 (Vs,
745 3906 807 3974 77
852 3916 1134 3989 prohibent
1169 3918 1223 3974 R
1270 3919 1280 3992 Ι
1331 3920 1555 3976 vincerit
1589 3920 1645 3975 Η
1682 3929 1708 3985 ΙΙ
1751 3939 1829 3979 vs.
1864 3922 1932 3982 78
1974 3914 2160 3995 pasffm
2192 3920 2249 3976 H
2295 3926 2305 3994 Ι
2359 3920 2660 3993 procularet

514 4018 666 4073 (rocu
708 4031 806 4082 per
860 4014 1092 4068 lineolam
1140 4016 1333 4079 deletis)
1384 4015 1443 4071 fl
1480 4017 1736 4088 spoliaret
1768 4017 1816 4073 L
1853 4035 1884 4072 a
1921 4024 1946 4081 ΙΙ
1984 4036 2044 4073 vs
2098 4018 2168 4075 79
2205 4017 2426 4073 canibus
2461 4017 2660 4091 rapidis

514 4104 562 4160 L
619 4107 818 4162 rabidis
866 4128 1021 4179 supra
1074 4110 1227 4165 malis
1266 4130 1297 4165 a
1343 4110 1354 4183 Ι
1401 4111 1585 4167 fallata
1621 4112 1677 4167 H
1714 4132 1775 4168 m.
1813 4115 1844 4169 1
1871 4113 2045 4171 valate.
2081 4113 2133 4169 R
2171 4120 2196 4178 11
2237 4132 2313 4171 vs,
2351 4114 2420 4169 80
2454 4114 2658 4171 Horrib

509 4201 564 4254 in
601 4218 701 4258 ras.
738 4220 801 4255 m.
839 4202 871 4256 1
910 4201 961 4256 R
993 4202 1296 4259 Horribiles
1331 4204 1379 4260 L
1427 4204 1441 4276 Ι
1484 4204 1566 4278 se]
1602 4223 1633 4259 e
1668 4224 1732 4261 ea:
1765 4224 1894 4263 corr.
1931 4206 1987 4262 H
2024 4208 2126 4265 sibi
2163 4208 2210 4265 L
2248 4215 2275 4273 ΙΙ
2313 4226 2391 4265 vs.
2430 4210 2496 4266 81
2533 4208 2658 4266 Neu

514 4300 562 4351 et
596 4296 835 4368 expaluit
870 4296 925 4353 H
966 4307 991 4361 ΙΙ
1032 4316 1107 4355 ve.
1146 4300 1213 4353 82
1251 4300 1590 4371 pertimuisse
1626 4300 1673 4357 L
1711 4308 1777 4366 a.)
