3392 5292
1626 618 1708 681 77

596 831 1091 896 adnotationem
1138 829 1549 912 probabilem
1597 830 1846 896 faciunt
1898 832 2162 913 vestigia
2211 813 2438 895 Graeci
2462 832 2748 896 auctoris

596 949 993 1028 imitationiS,
1021 968 1191 1030 quae
1213 949 1281 1013 in
1306 949 1594 1013 carmine
1622 968 1756 1012 non
1784 948 2108 1026 desunt¹).
2140 949 2506 1031 Hauptium
2520 951 2744 1014 autem
2827 1012 2832 1015 ,

598 1066 811 1131 dicere
850 1085 919 1131 se
958 1066 1039 1130 de
1079 1065 1190 1130 illo
1230 1066 1453 1130 codice
1494 1065 1929 1130 Ambrosiano
1974 1067 2134 1131 nihil
2179 1068 2584 1150 compertum
2622 1067 2745 1133 ha-

598 1185 750 1249 bere
779 1185 859 1268 ²),
888 1185 1067 1250 haud
1093 1185 1332 1261 nesci0,
1362 1186 1429 1249 at
1455 1185 1703 1261 contra,
1741 1184 1812 1249 ut
1837 1182 2133 1248 Ribbeck
2157 1184 2344 1249 nobis
2371 1185 2658 1266 tradidit,
2679 1185 2747 1249 in

598 1303 899 1368 Leidensi
933 1303 1286 1386 exemplari
1314 1302 1693 1385 appendicis
1718 1302 2127 1383 Vergilianae
2148 1303 2311 1367 baec
2338 1303 2569 1367 eadem
2592 1303 2748 1384 legi-

600 1423 707 1487 tur
728 1422 1085 1500 adnotatIO,
1116 1422 1341 1499 addito
1363 1456 1393 1486 n
1417 1420 1486 1486 V.
1506 1418 1730 1496 Amb’',
1757 1439 1967 1484 manu
1986 1420 2068 1484 Is.
2087 1420 2296 1484 Vossii
2313 1420 2642 1502 adscripta
2663 1418 2741 1507 ⁸).

692 1540 887 1620 Quod
959 1542 1183 1606 autem
1253 1540 1452 1623 hujus
1524 1539 1835 1604 carminis
1903 1538 2091 1602 stilus
2163 1538 2358 1619 longe
2415 1538 2584 1603 alius
2651 1540 2748 1603 est

601 1678 801 1742 quam
858 1660 941 1735 is,
1005 1678 1139 1742 quo
1202 1659 1420 1724 cetera
1483 1658 1746 1740 Vergilii
1808 1656 2100 1721 carmina
2147 1657 2378 1721 notata
2426 1657 2615 1735 sunt,
2672 1676 2749 1721 ex

602 1777 805 1860 idyllii
862 1778 1115 1842 diverso
1166 1776 1555 1858 argumento
1605 1784 1804 1858 atque
1852 1775 2073 1840 indole
2119 1776 2581 1857 explicandum
2629 1777 2747 1841 est.

696 1895 1093 1977 Requiretur
1140 1894 1414 1959 fortasse
1462 1914 1674 1975 nunc,
1725 1913 1925 1977 quem
1973 1894 2059 1959 ad
2103 1894 2377 1958 modum
2408 1894 2750 1977 probabile

601 2014 786 2079 reddi
832 2016 1035 2097 possit
1073 2014 1542 2093 Parthenium,
1609 2013 1797 2097 cujUs
1845 2013 2074 2095 poesin
2120 2012 2419 2094 quadam,
2452 2012 2751 2095 quaesita

602 2133 999 2198 obscuritate
1060 2133 1385 2214 insignem
1447 2132 1976 2213 cognoverimUS,
2032 2150 2184 2195 cum
2229 2131 2554 2196 Moretum
2605 2132 2748 2195 tum

602 2249 781 2317 Cirin
844 2251 1086 2316 Graece
1151 2251 1612 2333 composuisse.
1713 2250 1846 2314 Nec
1908 2249 2034 2313 hoc
2089 2250 2228 2313 sine
2275 2268 2476 2314 causa
2523 2249 2752 2332 quaeri

602 2370 879 2450 videtur,
928 2370 1109 2453 quod
1157 2370 1497 2452 utriusque
1544 2368 1854 2433 carminis
1899 2367 2066 2431 ratio
2115 2367 2311 2449 plane
2341 2367 2597 2432 diversa
2629 2369 2746 2433 est.

601 2488 676 2553 In
738 2489 989 2554 Moreto
1038 2489 1261 2554 autem
1310 2487 1491 2552 nulla
1538 2485 1903 2551 obscuritas
1929 2535 1944 2561 ,
1995 2484 2181 2549 nulla
2228 2486 2566 2550 doctrinae
2606 2486 2748 2569 jac-

604 2607 799 2685 tatio,
871 2606 1057 2671 nulla
1121 2606 1433 2687 digressio
1462 2655 1478 2683 ,
1546 2604 1713 2669 nulli
1768 2603 2021 2668 flosculi
2068 2603 2374 2668 rhetorici
2422 2623 2636 2686 neque
2681 2604 2750 2669 id

601 2743 808 2806 genus
870 2725 997 2789 alia
1061 2725 1329 2806 propria
1378 2722 1869 2799 AlexandriniS,
1924 2723 2166 2805 quibus
2214 2721 2378 2787 Ciris
2427 2722 2744 2787 abundat.
2789 2794 2795 2798 ,

601 2844 811 2908 Immo
859 2843 926 2907 in
958 2844 1209 2908 Moreto
1251 2843 1473 2908 omnia
1506 2843 1671 2907 adeo
1705 2843 1861 2906 sunt
1893 2842 2108 2925 lepide
2141 2842 2205 2907 et
2235 2842 2522 2906 suaviter
2554 2841 2748 2922 dicta,

606 2962 679 3027 ut
726 2980 804 3025 ea
851 2960 937 3028 ab
985 2961 1341 3043 elegiarum
1388 2961 1489 3026 vel
1536 2961 1937 3044 hymnorum
1968 2961 2282 3042 scriptore
2310 2960 2754 3025 Alexandrino

604 3080 953 3163 desumpta
999 3079 1261 3145 credere
1310 3099 1443 3145 non
1495 3080 1844 3163 possimus·
2597 3065 2600 3067 ’

651 3263 655 3267 ,
698 3198 828 3263 Sed
900 3198 1061 3263 haec
1131 3217 1352 3264 rerum
1426 3198 1862 3282 repugnantia
1931 3198 2086 3262 inde
2157 3198 2303 3262 orta
2374 3215 2515 3261 esse
2587 3196 2748 3261 mihi

604 3316 875 3393 videtur,
944 3318 1125 3399 quod
1186 3318 1507 3399 Vergilius
1569 3318 1876 3383 carminis
1940 3317 2263 3382 rationem
2313 3317 2511 3399 atque
2557 3335 2752 3397 argu-

605 3437 905 3499 mentum
973 3436 1355 3501 summatim
1423 3456 1464 3501 a
1533 3436 1889 3502 Parthenio
1936 3454 2238 3515 sumenS,
2290 3435 2357 3500 id
2405 3436 2748 3517 proprium

602 3552 726 3616 sibi
773 3551 928 3618 fecit·
971 3556 1169 3636 atque
1216 3554 1283 3619 in
1333 3573 1528 3619 usum
1561 3554 1891 3636 privatum
1923 3554 2278 3633 convertit,
2324 3552 2488 3618 Ciris
2523 3555 2755 3617 auctor

604 3672 865 3749 contra,
918 3690 1327 3754 quamquam
1374 3673 1439 3736 et
1486 3672 1595 3737 ille
1626 3692 1760 3738 non
1797 3673 2070 3738 verbum
2103 3692 2224 3755 pro
2257 3671 2456 3736 verbo
2490 3690 2752 3737 necesse

528 4020 534 4023 .
677 3979 714 4043 ¹)
765 3975 851 4032 Cf.
902 3974 990 4031 W.
1036 3976 1312 4049 Herzberg
1364 3976 1420 4032 in
1476 3977 1714 4034 adnotat.
1769 3996 1895 4034 suae
1934 3975 2130 4035 Moreti
2167 3978 2433 4035 versionis
2469 3979 2537 4035 ad
2573 3997 2649 4037 VS.
2682 3982 2747 4047 4,

605 4073 703 4140 18,
748 4072 869 4129 116.

675 4171 715 4235 ²)
769 4168 851 4224 Of.
888 4166 1242 4239 Quaestiones
1276 4168 1607 4226 catullianae
1642 4189 1693 4243 p.
1736 4171 1820 4225 52.

676 4272 716 4333 3)
770 4263 851 4320 Cf.
892 4265 1163 4321 Ribbeck:
1203 4265 1485 4338 Appendix
1522 4266 1681 4337 Verg.
1723 4283 1840 4339 pag.
1878 4266 1966 4321 14.
