3392 5292
1700 533 1781 596 16

658 748 780 812 sibi
849 746 1114 812 fatalem
1183 746 1428 810 crinem
1493 746 1828 811 mitteret?
1923 745 2070 811 Non
2135 747 2359 811 multis
2422 748 2639 813 verbis
2688 749 2803 813 sed

658 866 868 932 obiter
913 866 1110 949 poeta
1155 866 1380 930 noster
1425 865 1510 931 ad
1560 885 1638 930 ea
1687 864 2060 948 respondet.
2159 866 2249 932 Ut
2296 867 2469 931 enim
2517 886 2612 933 vs,
2672 869 2800 933 187

659 984 967 1068 legimuS‚
1034 985 1309 1049 miserae
1375 983 1607 1065 virgini
1655 983 1951 1055 condicio
2000 985 2395 1067 proponitur
2443 986 2803 1051 detonsum

657 1103 905 1168 crinem
976 1102 1148 1167 hosti
1219 1101 1541 1167 mittendi.
1641 1102 1997 1181 Quaeritur
2066 1102 2255 1186 cujus
2326 1103 2421 1168 rei
2480 1104 2799 1171 condicio,

657 1220 1055 1286 Matrimonii
1104 1220 1492 1305 respondeo,
1587 1220 1750 1286 Vide
1798 1240 1889 1287 vs,
1942 1221 2083 1286 414

860 1384 962 1444 Illa
1003 1402 1111 1460 ego
1152 1402 1285 1444 sum
1305 1430 1318 1457 ‚
1361 1383 1583 1456 Minos,
1629 1390 1861 1444 sacrato
1907 1384 2145 1445 foedere
2189 1384 2445 1445 coniunx

860 1489 1030 1550 Dicta
1071 1488 1175 1548 tibi

663 1637 729 1703 et
775 1656 870 1703 vs.
919 1636 1055 1701 4292

785 1864 788 1867 ⁴
861 1795 925 1855 Si
965 1802 1168 1856 nostra
1209 1801 1345 1855 ante
1385 1795 1597 1872 aliquis
1639 1796 1924 1857 nudasset
1965 1796 2204 1856 foedera
2250 1813 2442 1855 casus.

754 1952 1093 2035 EJ‘usmodi
1162 1953 1430 2034 pactum
1503 1952 1673 2017 inter
1745 1952 2029 2018 Minoem
2096 1953 2160 2015 et
2225 1951 2513 2035 Scyllam
2563 1951 2812 2016 factum

664 2070 956 2152 produnt
1025 2070 1223 2135 etiam
1294 2069 1494 2133 verba
1564 2069 1804 2152 Hygini
1874 2070 2007 2136 fab.
2090 2071 2251 2136 198:
2327 2069 2536 2135 „Cum
2603 2070 2814 2135 Minos

666 2186 932 2252 Cretam
979 2188 1247 2267 rediret,
1297 2207 1449 2251 eum
1498 2208 1574 2254 ex
1617 2188 1745 2269 fide
1791 2188 1949 2254 data
1995 2189 2245 2271 rogavit
2291 2187 2407 2273 (sc.
2437 2186 2709 2275 Scylla),
2738 2188 2815 2253 ut

663 2288 887 2370 secum
959 2304 1314 2383 aveheret.”,
1393 2306 1459 2371 et
1532 2325 1609 2371 ea
1680 2326 1853 2390 quae
1915 2307 2189 2388 legimus
2237 2308 2417 2390 apud
2466 2306 2811 2372 Scholiast.

668 2424 753 2488 ad
802 2424 1024 2506 Eurip.
1067 2424 1262 2506 Hipp.
1309 2425 1525 2490 1190:
1577 2436 1790 2491 Σκύλλα
1826 2440 2165 2509 θεωρήσασα
2189 2438 2284 2491 τὸν
2315 2436 2533 2502 Μίνωα,
2559 2436 2815 2507 ἐφίλησεν

665 2538 833 2593 αὐτὸν
881 2536 968 2592 καὶ
1020 2538 1360 2599 συνετάξατο
1412 2538 1572 2612 αὐτῷ
1618 2540 1926 2609 προδοῦναι
1979 2540 2075 2611 τὴν
2125 2539 2299 2603 πόλιν,
2350 2536 2406 2592 εἰ
2452 2538 2613 2607 λάβοι
2647 2536 2815 2611 αὐτὴν

665 2644 912 2713 γυναῖκα.
951 2645 981 2695 ὁ
1024 2641 1088 2695 δὲ
1123 2644 1405 2697 συνέθετο.

758 2747 994 2812 Nonne
1064 2748 1264 2813 etiam
1332 2748 1463 2812 huc
1527 2747 1817 2829 spectat,
1883 2746 2063 2829 quod
2111 2746 2267 2811 dicit
2314 2746 2680 2811 Pausanias
2728 2746 2813 2826 ΙΙ,

671 2864 758 2929 34
781 2915 795 2941 ,
851 2865 926 2929 7:
976 2879 1046 2942 „6
1085 2875 1272 2937 Μίνως
1307 2874 1441 2931 οὔτε
1477 2876 1709 2948 γυναῖκα
1745 2874 1887 2935 ἕξειν
1925 2873 2093 2946 αὐτὴν
2130 2872 2214 2928 ἔτι
2256 2868 2571 2946 &pao-135³?

757 2982 846 3047 At
916 2982 1146 3047 contra
1207 3000 1474 3064 prorsus
1537 2982 1605 3046 in
1654 2981 1910 3046 diversa
1958 2980 2120 3044 abiit
2168 2980 2435 3046 Ovidius
2482 2983 2816 3049 Metamm.

666 3100 808 3164 VIII
837 3100 912 3164 :1
969 3117 1111 3181 sqq.
1209 3099 1307 3163 Ibi
1378 3100 1554 3163 enim
1626 3099 1774 3163 talis
1847 3097 2125 3163 foederis
2197 3101 2442 3166 mentio
2514 3120 2649 3165 non
2698 3101 2808 3178 fit,

669 3213 785 3281 sed
853 3216 1073 3299 puella
1143 3234 1264 3280 sua
1336 3217 1571 3299 sponte
1645 3215 1991 3281 consilium
2040 3218 2163 3281 init
2210 3218 2415 3299 patris
2461 3219 2820 3301 perdendi,

671 3336 745 3400 ut
808 3334 1018 3399 Minos
1079 3353 1148 3398 se
1197 3352 1469 3398 uxorem
1516 3334 1796 3417 accipiat
1842 3354 2196 3418 secumque
2242 3334 2503 3400 habeat.
2603 3335 2820 3414 Quam

669 3452 1052 3518 varietatem
1101 3450 1371 3517 Ovidius
1420 3452 1694 3518 fortasse
1742 3453 1934 3519 finxit
1981 3455 2055 3519 ut
2091 3454 2333 3530 Minos,
2388 3454 2501 3536 qui
2525 3453 2821 3537 justitiae

670 3589 871 3635 causa
925 3570 1103 3654 apud
1152 3568 1392 3635 inferos
1432 3570 1638 3654 judex
1687 3572 2087 3637 constitutus
2136 3591 2273 3637 esse
2322 3572 2587 3649 dicitur,
2640 3572 2817 3654 apud

671 3706 942 3770 superos
1013 3707 1277 3771 quoque
1338 3707 1596 3771 semper
1637 3689 1859 3773 justus
1907 3690 2106 3755 fuisse
2153 3690 2500 3755 videretur.
2605 3688 2820 3754 Ceteri

673 3808 974 3872 auctores
1021 3808 1249 3872 nostra
1296 3808 1378 3873 de
1425 3808 1809 3891 quaestione
1858 3809 2128 3873 omnino
2177 3807 2342 3901 nihil
2390 3808 2714 3873 dixerunt.

765 3928 935 3993 Jam
985 3928 1351 4005 videamuS,
1428 3946 1600 4011 quae
1649 3927 1906 4011 Scyllae
1954 3946 2095 3993 sors
2143 3926 2342 3991 fuerit
2389 3925 2539 4010 post
2586 3924 2822 3991 urbem

675 4045 1132 4127 expugnatam.
1675 4128 1678 4131 ἦ

769 4163 1034 4227 Variata
1097 4163 1196 4227 est
1245 4161 1559 4227 memoria
1605 4162 1807 4245 hujUs
1856 4163 1963 4227 rei.
2066 4162 2273 4228 Poeta
2320 4163 2546 4226 noster
2594 4180 2823 4226 eorum
