3392 5292
1599 616 1677 679 41

730 828 828 887 Vs.
873 829 991 887 366
1031 830 1272 888 victima
1311 829 1482 902 ferro
1823 849 1957 889 cum
2001 830 2127 889 Cat.
2181 832 2294 890 64:
2318 832 2435 891 369
2476 833 2716 891 victima

1999 936 2187 1008 ferro.

775 1084 798 1110 „
869 1040 985 1098 399
1027 1040 1225 1097 niveos
1265 1040 1518 1115 virqinis
1560 1047 1736 1098 artus
1891 1084 1913 1110 „
2004 1038 2131 1098 Cat.
2184 1041 2441 1099 64:364
2520 1043 2716 1101 niveos

2003 1146 2257 1222 viminis
2299 1153 2491 1204 artus,

775 1293 798 1319 „
869 1247 989 1306 414
1025 1248 1263 1321 foedere
1303 1250 1560 1307 coniunx
1882 1294 1905 1320 „
1996 1249 2122 1310 Cat.
2176 1250 2435 1309 64:373
2515 1270 2646 1310 con-

2005 1355 2490 1429 iunco—foedere.

659 1510 927 1573 Praeter
1009 1508 1170 1573 hacc
1251 1509 1578 1590 permulta
1651 1510 1780 1573 alia
1852 1508 2262 1575 Catullianae
2332 1510 2713 1576 imitationis

566 1626 833 1708 vestigia
919 1627 985 1692 in
1057 1626 1223 1693 Ciris
1292 1628 1579 1692 carmine
1649 1629 1913 1695 adsunt.
2010 1629 2310 1707 Longum
2383 1629 2480 1692 est
2549 1628 2711 1692 haec

564 1746 786 1810 omnia
854 1745 1164 1828 proferre.
1262 1746 1448 1825 Quae
1520 1748 1741 1812 tamen
1814 1749 1882 1812 in
1932 1766 2232 1812 sermone
2278 1747 2421 1829 ipso
2470 1745 2595 1811 hac
2642 1747 2709 1811 in

564 1882 633 1927 re
694 1865 1064 1929 memoratu
1135 1865 1332 1947 digna
1403 1866 1591 1944 sunt,
1667 1884 1801 1929 non
1854 1865 2141 1929 alienum
2192 1883 2332 1928 esse
2382 1864 2710 1929 videbitur

560 1981 665 2046 hic
712 1982 960 2046 afferre.

651 2100 950 2165 Primum
1021 2102 1574 2170 deminutivorum
1641 2124 1796 2169 usus
1848 2104 2154 2186 frequens
2203 2100 2444 2167 Catulli
2490 2100 2707 2165 imita-

560 2218 805 2284 tionem
875 2220 1116 2301 prodit.
1221 2222 1338 2285 His
1408 2225 1584 2288 enim
1653 2223 2008 2288 verborum
2080 2220 2303 2287 formis
2375 2218 2707 2285 Catullum

558 2336 899 2416 delectari,
949 2338 1034 2406 M.
1088 2339 1415 2423 Hauptius
1463 2342 1610 2407 libri
1657 2343 1761 2406 sui
1813 2341 2363 2407 „Observationes
2410 2337 2709 2403 criticae''

559 2456 845 2538 inscripti
931 2477 1078 2540 pag.
1178 2458 1264 2523 14
1339 2460 1619 2524 dilucide
1691 2459 2016 2536 ostendit,
2091 2458 2314 2522 omnia
2385 2456 2706 2540 adjectiva

559 2574 993 2658 deminutiva‚
1027 2578 1269 2661 quibus
1303 2577 1601 2644 Catullus
1634 2597 1794 2643 usus
1829 2578 1945 2656 est,
1975 2594 2389 2640 enumerans.
2443 2573 2705 2640 Catullo

557 2695 778 2759 autem
829 2694 994 2760 Ciris
1042 2698 1273 2762 auctor
1323 2718 1392 2761 vs
1442 2698 1568 2762 251
1629 2699 1693 2762 et
1746 2697 1877 2761 348
1929 2694 2325 2777 adjectivum
2356 2692 2707 2776 friyidulus

556 2810 623 2875 et
692 2829 763 2873 vs
809 2809 947 2874 440
994 2812 1482 2877 substantivum
1531 2812 1797 2878 lectulus
1844 2812 2039 2878 debet
2064 2813 2286 2894 atque
2333 2811 2419 2875 ad
2466 2810 2703 2876 horum

555 2928 1048 2995 similitudinem
1109 2945 1194 2996 'vs
1271 2931 1341 2994 3·
1383 2930 1868 2995 substantivum
1940 2929 2230 2995 hortulus
2298 2928 2366 2993 et
2427 2948 2498 2992 vs
2569 2929 2699 2993 182

555 3047 950 3132 adjectivum
1042 3048 1366 3115 tabidulus
1435 3048 1760 3113 formavit.
1875 3032 2368 3115 Deminutivum
2440 3048 2701 3129 ocella-3,

552 3167 732 3250 quod
801 3168 1025 3233 noster
1095 3188 1168 3232 vs
1236 3168 1402 3244 138,
1460 3169 1630 3243 238,
1687 3167 1819 3232 348
1873 3171 2247 3251 usurpavit,
2297 3187 2702 3253 quamquam

550 3285 788 3368 septies
857 3287 1034 3369 apud
1110 3286 1443 3352 Catullum
1515 3288 1788 3369 legitur,
1862 3288 2083 3353 tamen
2131 3288 2328 3371 hujus
2375 3286 2706 3370 peculiare

553 3424 688 3469 non
759 3408 875 3471 est.
988 3405 1338 3471 Praeterea
1409 3407 1772 3488 reperimus
1842 3406 1910 3469 in
1984 3405 2149 3479 ciri,
2224 3406 2509 3488 exceptis
2578 3403 2703 3469 illis

554 3524 990 3588 usitatissimis
1049 3524 1302 3607 puella,
1371 3525 1676 3607 capillus,
1731 3524 2025 3590 labellum
2071 3524 2246 3604 aliis,
2297 3523 2702 3588 deminutiva

548 3641 858 3725 pwrvulus
906 3662 978 3706 vs
1031 3643 1161 3707 138
1213 3645 1278 3708 et
1324 3644 1652 3709 nutricula
1700 3664 1770 3709 vs
1821 3645 1993 3725 257,
2048 3644 2203 3708 277.
2257 3642 2305 3726 ¹)

575 3772 580 3775 ·
646 3760 896 3825 Deinde
966 3780 1040 3825 vs
1118 3763 1204 3828 33
1249 3762 1437 3844 prius
1482 3762 1733 3826 dictum
1782 3764 1880 3828 est
1928 3781 2049 3844 pro
2097 3760 2286 3842 olim,
2332 3760 2580 3843 pridem
2626 3760 2701 3824 ut
2824 3784 2831 3793 ·

551 3881 615 3944 in
668 3878 907 3944 Catulli
957 3881 1244 3945 carmine
1293 3880 1374 3959 4,
1427 3881 1514 3945 25
1567 3883 1632 3945 et
1681 3882 1808 3959 51,
1867 3882 1967 3945 15.

643 3999 848 4065 Porro
921 4002 1118 4083 poeta
1190 4019 1260 4063 vs
1338 4002 1464 4065 177
1530 3999 1853 4064 vocabulo
1900 3999 2087 4065 nulla
2132 3999 2357 4083 aperte
2402 3999 2495 4063 ita
2544 4016 2706 4063 usus

621 4277 657 4339 ¹)
695 4275 781 4332 Cf.
816 4276 876 4331 L.
918 4278 1170 4333 Schwabe
1206 4278 1262 4332 ll.
1302 4297 1417 4351 pag.
1457 4279 1506 4337 7.
