3392 5292
1734 606 1821 669 50

674 822 900 890 drinae
973 821 1187 904 poesis
1257 820 1476 885 indole
1544 821 1984 903 praemittam.
2084 819 2273 898 Quae
2343 820 2568 885 autem
2631 818 2830 903 hujus

673 940 885 1022 poesis
956 940 1194 1004 natura
1264 938 1492 1019 fuerit,
1543 940 1705 1022 quid
1753 940 2097 1022 proprium
2144 939 2209 1005 et
2256 939 2448 1021 quasi
2498 939 2829 1021 peculiare

670 1057 1009 1137 habuerit,
1096 1057 1350 1140 aliquot
1433 1058 1729 1123 carmina
1799 1056 2042 1122 Catulli
2112 1057 2385 1140 ejusque
2454 1056 2829 1139 aequalium

669 1176 904 1241 docere
992 1178 1286 1259 possunt.
1409 1177 1462 1241 Ii
1549 1176 1727 1241 enim
1809 1177 2073 1259 poetae,
2169 1175 2286 1259 qui
2368 1176 2547 1259 quod
2620 1176 2830 1258 poesis

668 1295 943 1361 Latinae
1034 1292 1423 1378 antiquioris
1509 1295 1862 1377 praecepta
1948 1294 2386 1377 neglegebant
2471 1305 2531 1360 οἱ
2569 1308 2831 1377 νεώτεροι

667 1412 774 1477 vel
835 1416 1056 1495 poetae
1120 1413 1269 1479 novi
1330 1413 1855 1479 nominabantur
1909 1411 2006 1500 ¹),
2082 1414 2345 1479 tantum
2400 1413 2694 1479 studium
2742 1412 2827 1477 ad

665 1530 1150 1597 Alexandrinos
1237 1532 1591 1598 imitandos
1671 1533 2137 1612 contulerunt,
2216 1533 2288 1597 ut
2368 1552 2445 1597 »a
2516 1531 2828 1597 Cicerone
2926 1584 2932 1591 .

666 1649 932 1714 nomine
1004 1654 1335 1717 cantorum
1405 1650 1845 1733 Euphorionis
1916 1651 2099 1716 inrisi
2170 1650 2302 1716 sint
2373 1651 2438 1715 et
2506 1649 2829 1715 doctorum

665 1767 935 1833 nomine
984 1768 1070 1833 ab
1113 1768 1263 1835 'aliis
1310 1768 1895 1852 significarentur”.
1948 1766 2006 1857 ²)
2080 1769 2289 1835 Nemo
2339 1770 2512 1834 certe
2560 1768 2827 1851 negabit

667 1887 806 1953 tam
833 1885 1095 1953 Catulli
1141 1888 1433 1955 carmina
1485 1888 1612 1970 63,
1666 1889 1794 1967 64,
1848 1888 1935 1954 66
1971 1907 2176 1972 quam
2210 1886 2395 1955 Calvi
2427 1889 2535 1968 Io,
2572 1885 2824 1954 Cinnae

665 2006 1048 2090 Zmyrnam,
1103 2005 1436 2073 Cornificii
1485 2007 1810 2075 Glaucum
1858 2009 2060 2092 atque
2108 2008 2377 2075 Catonis
2425 2006 2823 2091 Dictynnam

664 2126 1024 2192 certissima
1094 2126 1691 2192 Alexandrinorum
1760 2127 2142 2193 imitationis
2212 2125 2485 2209 vestigia
2549 2145 2707 2209 prae
2755 2144 2824 2189 se

664 2244 846 2310 ferre.
902 2235 1094 2310 Hisce
1127 2248 1352 2311 autem
1393 2265 1473 2311 ex
1513 2247 1915 2312 carminibus
1947 2248 2235 2330 primum
2262 2246 2571 2311 discimus
2596 2245 2824 2327 poetas

663 2364 1146 2429 Alexandrinos
1219 2364 1340 2428 aut
1409 2375 1666 2447 ἱστορίας
1707 2374 1872 2437 ξένας
1909 2372 1996 2430 καὶ
2036 2376 2343 2447 ἀτρίπτους
2405 2364 2721 2429 tractasse
2768 2360 2824 2445 8)

662 2484 780 2548 aut
828 2483 882 2547 si
930 2483 1394 2565 argumentum
1422 2482 1565 2566 J'am
1598 2482 1829 2548 tritum
1862 2483 2284 2548 tractandum
2314 2482 2438 2547 sibi
2470 2482 2820 2564 elegerant,

662 2601 766 2682 id,
833 2621 918 2667 ne
989 2601 1214 2685 peritis
1285 2601 1578 2666 taedium
1624 2602 1998 2681 moverent,
2049 2620 2220 2667 novo
2269 2600 2470 2666 modo
2500 2589 2505 2595 ’
2519 2600 2823 2684 persequi

663 2723 729 2786 et
798 2721 1235 2787 ostentatione
1307 2720 1644 2786 doctrinae
1717 2720 1954 2799 vitam,
2010 2720 2086 2786 ut
2132 2720 2226 2785 ita
2272 2719 2524 2797 dicam,
2578 2738 2821 2785 novam

637 2841 908 2906 'addere
957 2841 1230 2906 conatos
1278 2858 1436 2925 esse.
1491 2838 1552 2924 4)

736 3016 782 3083 ¹)
831 3013 914 3069 of.
951 3014 1140 3070 Cicero
1176 3012 1244 3068 ad
1279 3014 1393 3069 Att.
1433 3012 1574 3080 VII,
1615 3013 1670 3068 2:
1716 3010 1892 3067 nflavit
1928 3010 1994 3067 ab
2030 3010 2195 3084 Epiro
2230 3010 2539 3067 lenissimus
2582 3010 2819 3067 Onches-

662 3108 872 3175 mites”;
925 3108 1068 3164 hunc
1119 3112 1546 3171 σπονδειάζοντα
1616 3108 1663 3163 si
1738 3107 1826 3163 cui
1878 3105 2027 3162 voles
2078 3116 2189 3165 τῶν
2243 3112 2528 3182 νεωτέρων
2580 3126 2677 3180 pro
2721 3111 2819 3162 tuo

660 3212 891 3269 vendita.
964 3211 1111 3267 Orat.
1151 3213 1249 3277 48,
1289 3212 1421 3267 161:
1462 3230 1524 3267 ea
1558 3211 1779 3267 offensio
1816 3229 1977 3285 quam
2012 3228 2156 3267 nunc
2190 3209 2408 3281 fugiunt
2442 3213 2634 3282 poetae
2669 3210 2813 3265 novi.

732 3308 770 3372 2)
821 3307 904 3363 Of.
941 3308 1006 3363 L.
1043 3306 1328 3363 Schwabe:
1365 3306 1756 3379 Prolegomena
1795 3306 1863 3363 ad
1897 3308 2172 3364 Catullum
2209 3326 2329 3380 pag.
2367 3307 2490 3364 312.

728 3409 770 3470 ³)
816 3403 903 3463 Of.
955 3403 1284 3460 Artemidori
1320 3404 1563 3461 Ouiroer.
1597 3404 1709 3461 IV:
1737 3404 1835 3461 63:
1873 3404 1983 3461 εἰσὶ
2022 3408 2134 3480 γὰρ
2176 3404 2262 3462 καὶ
2306 3409 2459 3480 παρὰ
2497 3406 2816 3479 Λυκόφρονι

657 3509 713 3561 ἐν
752 3512 831 3583 τῇ
863 3503 1190 3582 Ἀλεξάνδρᾳ
1230 3504 1316 3563 καὶ
1358 3510 1511 3579 παρὰ
1543 3505 1866 3584 Ἡρακλείδῃ
1908 3513 1990 3583 τῷ
2016 3508 2257 3584 Ποντικῷ
2289 3512 2345 3565 ἐν
2377 3512 2505 3572 ταῖς·
2531 3510 2778 3584 Λέσχαις
2800 3552 2815 3576 ,

653 3607 740 3664 καὶ
781 3612 934 3682 παρὰ
972 3610 1258 3685 Παρθενίῳ
1291 3612 1348 3666 ἐν
1381 3608 1708 3685 Ἐλεγείαις,
1752 3609 1839 3666 καὶ
1878 3612 2033 3685 παρὰ
2071 3611 2258 3675 ἄλλοις
2294 3613 2521 3674 πολλοῖς
2563 3612 2809 3685 ἱστορίαι

657 3711 810 3772 ξέναι
850 3710 937 3767 καὶ
979 3713 1250 3786 ἅτριπτοι.

723 3814 764 3877 ⁴)
817 3813 902 3870 Of.
954 3814 1231 3886 Herzberg
1283 3816 1342 3872 in
1393 3815 1663 3889 prooemio
1719 3833 1845 3871 suae
1895 3816 2037 3871 Ciris
2072 3815 2333 3871 versionis
2371 3833 2491 3889 pag.
2530 3818 2621 3871 56:
2665 3816 2805 3877 ,Die

653 3908 1150 3967 alexandrinischen
1178 3910 1402 3968 Dichter
1435 3916 1672 3968 wussten
1710 3911 1795 3969 die
1832 3930 1898 3967 an
1934 3912 2049 3969 sich
2090 3912 2387 3968 natiirliche
2424 3911 2536 3968 und
2560 3911 2814 3983 gerechte
2865 3956 2869 3961 .

651 3992 967 4076 Forderung
1000 4006 1095 4061 der
1129 4006 1369 4064 Neuheit
1402 4008 1522 4064 dem
1559 4008 2068 4082 encyclopiidischen
2102 4007 2321 4065 Wissen
2338 4008 2483 4064 ihrer
2500 4007 2809 4079 gebildeten

652 4100 821 4155 Leser
854 4099 1162 4171 gegeniiber
1196 4101 1348 4157 nicht
1382 4101 1574 4158 anders
1609 4121 1677 4158 zu
1713 4102 2043 4174 befriedigen
2081 4104 2160 4160 als
2195 4105 2375 4161 indem
2405 4104 2482 4159 sie
2504 4102 2671 4159 durch
2693 4103 2816 4159 eine

650 4195 809 4251 Fulle
844 4213 947 4250 von
983 4188 1387 4269 Anspielungen
1421 4199 1578 4255 einen
1618 4199 1825 4256 bunten
1861 4200 2189 4257 Bilderkreis
2222 4200 2378 4255 rasch
2412 4199 2659 4255 anihnen
2681 4215 2811 4253 vor-

653 4290 1026 4353 iiberfiihrten‚
1064 4291 1158 4348 der
1181 4292 1349 4350 durch
1379 4292 1939 4353 die.R.eminiscenzen
1963 4297 2115 4352 einer
2159 4295 2535 4353 umfassenden
2554 4294 2785 4352 Lectiire
2803 4336 2818 4363 ,
