3392 5292
1578 591 1660 655 81

548 804 837 869 ditorum
881 805 1180 868 certatim
1228 805 1314 869 ad
1366 824 1520 869 eum
1551 804 1765 871 multa
1797 806 1878 870 de
1911 806 2010 869 his
2045 802 2448 875 ediderunt”.
2503 805 2698 884 Quod

547 921 847 986 Tiberius
896 940 1122 988 eorum
1173 923 1466 987 carmina
1515 925 1859 1007 tantopere
1906 924 1975 988 in
2027 924 2266 989 deliciis
2317 922 2580 1001 habuit,
2621 943 2699 989 eo

547 1039 1005 1123 explicandum
1066 1041 1324 1107 videtur
1382 1042 1563 1125 quod
1627 1043 1672 1107 ii
1747 1043 1820 1107 ut
1867 1044 2162 1125 germani
2211 1043 2697 1109 Alexandrinae

512 1154 514 1157 ⁴
549 1161 810 1225 scholae
918 1159 1170 1225 alumni
1271 1161 1706 1228 obscurarum
1801 1160 2175 1227 fabularum
2270 1164 2690 1228 enarratione

550 1280 1059 1348 delectabantur.
1080 1278 1128 1365 ¹)
1168 1278 1562 1347 Parthenius
1593 1281 1865 1363 insuper
1898 1300 2050 1345 eum
2083 1280 2377 1347 allexisse
2414 1282 2688 1359 videtur,

548 1399 728 1483 quod
773 1401 1163 1481 argumenta
1210 1400 1531 1467 amatoria
1579 1402 1898 1484 imprimis
1948 1402 2274 1467 tractavit.

644 1628 908 1706 Restat,
987 1628 1058 1693 ut
1122 1647 1335 1710 pauca
1406 1629 1485 1694 de
1536 1629 1771 1695 Ovidio
1821 1629 2165 1696 addamus
2264 1629 2435 1693 Sunt
2482 1628 2696 1707 enim,

550 1746 663 1829 qui
710 1745 948 1829 putent
992 1746 1171 1813 hunc
1218 1746 1285 1809 in
1336 1749 1807 1830 componendis
1854 1749 2470 1831 Metamorphoseon
2518 1746 2700 1810 libris

550 1863 907 1929 Parthenio
977 1885 1241 1949 quoque
1314 1868 1580 1931 auctore
1644 1886 1840 1932 usum
1890 1886 2048 1931 esse.
2147 1865 2332 1945 Quae
2381 1863 2705 1929 sententia

550 2001 956 2066 quamquam
1004 2003 1121 2066 per
1170 2004 1239 2049 se
1287 1985 1470 2050 haud
1516 1986 1968 2068 improbabilis
2018 2004 2156 2050 esse
2204 1984 2496 2067 videtur,
2548 2000 2699 2047 cum

553 2102 827 2184 uterque
898 2103 1127 2167 auctor
1191 2105 1452 2185 praeter
1498 2104 1752 2187 Scyllae
1800 2103 2093 2171 fabulam
2144 2103 2341 2167 etiam
2389 2101 2570 2165 illam
2620 2098 2701 2163 de

551 2217 824 2301 Byblide
896 2221 960 2285 et
1033 2218 1262 2285 Cauno
1326 2222 1739 2301 tractaverit,
1792 2223 2013 2288 tamen
2062 2222 2253 2287 certis
2301 2216 2705 2303 argumentis

553 2337 761 2402 evinci
808 2356 944 2402 non
990 2318 1226 2421 potest.
1324 2341 1670 2406 Enarratio
1721 2343 1930 2422 enim,
1985 2343 2056 2408 ut
2105 2341 2306 2425 paulo
2353 2340 2502 2422 post
2552 2335 2703 2420 plu·
2789 2323 2795 2328 ’

554 2454 732 2520 ribus
802 2456 1017 2521 verbis
1088 2476 1413 2542 exponam
1436 2508 1451 2539 ‚
1524 2460 1591 2525 in
1640 2460 1839 2524 rebus
1888 2460 2156 2525 maximi
2203 2458 2521 2523 momenti
2571 2448 2702 2522 dis-'

553 2575 793 2657 crepat.
896 2575 1083 2641 Hanc
1132 2577 1637 2660 discrepantiam
1684 2579 1998 2643 materiae
2047 2578 2400 2644 variandae
2448 2576 2664 2642 studio
2688 2624 2703 2655 ,

551 2691 643 2756 illi
712 2694 1228 2775 ingeniosissimo
1278 2695 1332 2780 Β)
1408 2699 1639 2779 poetae
1705 2698 1970 2779 proprio
1991 2746 2006 2776 ,
2057 2697 2517 2780 imputandam
2565 2716 2704 2761 esse

554 2810 1005 2891 existimarem,
1034 2814 1087 2877 si
1113 2815 1297 2879 volus
1322 2834 1519 2897 quem
1543 2816 1911 2880 imitaretur
1927 2815 2320 2880 Parthenius
2337 2815 2700 2894 exstitisset,

554 2948 732 2995 nunc
802 2932 982 2996 haud
1052 2935 1346 3015 cogimur
1390 2935 1708 3013 credere,
1777 2934 2082 2999 Ovidium
2131 2933 2218 2998 ab
2266 2952 2344 2997 eo
2392 2933 2534 3016 ipso
2583 2951 2704 2997 sua

552 3051 842 3113 mutuari
890 3052 1199 3132 potuisse.
1270 3053 1529 3118 Etenim
1586 3053 1908 3136 eiusmodi
1956 3052 2248 3117 carmina
2295 3052 2466 3116 inter
2501 3050 2704 3116 Grae-

556 3184 666 3230 cos
735 3169 1103 3250 complures
1174 3171 1605 3253 scripserunt,
1679 3171 1921 3255 quibus
1994 3162 2296 3236 Ovidius'
2328 3170 2708 3237 auctoribus

556 3303 713 3348 usus
774 3305 914 3351 csse
960 3289 1195 3371 potest.
1294 3290 1441 3355 Huc
1488 3289 1863 3356 referuntur
1910 3289 2066 3354 Boei
2107 3298 2512 3373 ’ορνιθογονία,
2567 3287 2705 3352 An-

557 3401 760 3483 tigoni
820 3406 1186 3485 Ἀλλοιώσεις,
1258 3407 1570 3475 Nicandri
1635 3420 2089 3496 Ἑτεροιούμενα,
2155 3407 2569 3474 Callisthenis
2642 3406 2708 3469 et
2771 3384 2776 3389 ’

556 3519 886 3585 Theodori
957 3533 1457 3609 Μεταμορφώσεις.
1483 3526 1541 3615 ⁸)
1641 3530 1898 3609 Quibus
1970 3532 2194 3595 autem
2265 3547 2343 3593 ex
2416 3524 2707 3591 fontibus

558 3637 825 3703 Ovidius
888 3643 1179 3710 hauserit
1242 3644 1496 3712 difficile
1544 3650 1641 3714 est
1687 3651 1974 3732 probatu
2024 3652 2086 3715 et
2134 3648 2418 3713 multum
2469 3645 2704 3711 absum

556 3757 642 3822 ab
715 3776 792 3822 eo
856 3762 1161 3840 consili0‚
1228 3765 1301 3829 ut
1362 3765 1534 3832 hanc
1582 3765 1993 3850 questionem
2041 3768 2442 3850 pertractare
2492 3764 2703 3829 velim.

556 3876 671 3941 Est
740 3877 915 3942 enim
982 3879 1339 3947 immensae
1404 3885 1716 3951 materiae
1782 3906 1902 3951 nec
1960 3887 2325 3953 necessaria
2373 3868 2719 3969 proposito·

630 4086 667 4149 ι)
705 4082 789 4138 Cf.
823 4082 1074 4140 Meineke
1108 4086 1266 4145 Anal.
1301 4087 1457 4145 Alex.
1492 4108 1545 4161 p.
1583 4089 1667 4157 37,
1707 4091 1828 4158 181,
1867 4092 1987 4147 258.

624 4177 791 4262 2)·cf.
828 4183 1054 4237 Seneca:
1093 4182 1313 4254 Quaest.
1350 4184 1479 4240 Nat.
1514 4185 1750 4255 111227,
1790 4189 1876 4245 13.

626 4276 666 4341 ³)
702 4274 786 4329 Of.
818 4275 1042 4351 Teuffel.
1074 4277 1228 4337 Rom.
1265 4280 1397 4338 Lit.³
1434 4289 1456 4351 ς
1494 4282 1614 4350 249,
1642 4284 1692 4351 1,
1715 4288 1770 4340 et
1788 4283 1957 4357 Pauly
1977 4284 2361 4362 Real-Encycl.
2387 4285 2434 4341 V
2472 4306 2523 4359 p.
2549 4284 2706 4341 1031.

2390 4390 2429 4457 6
