3392 5292
1637 583 1716 647 71

602 796 737 861 256
788 797 880 862 ita
928 797 1238 878 explicat,
1312 798 1387 860 ut
1431 795 1682 879 Myrlea
1730 798 2000 879 quidem
2049 798 2370 862 oriundus
2418 800 2589 862 esset
2638 798 2751 862 sed

598 914 795 979 natus
864 914 1061 979 fuerit
1128 914 1423 980 Nicaeae.
1524 915 1734 980 Porro
1783 915 2020 980 Suidas
2070 934 2222 979 eum
2270 927 2636 1000 ἐλεγειοποιὸν
2666 926 2753 982 καὶ

549 1012 819 1114 ’μέτρων
882 1046 1172 1115 διαφόρων
1243 1047 1467 1117 ποιητήν
1538 1033 1844 1116 appellat.
1948 1033 2142 1112 Quod
2213 1052 2368 1097 vero
2434 1034 2750 1098 continuo

597 1150 817 1214 addit:
870 1159 1036 1223 οὗτος
1077 1162 1290 1236 ἐλήφθη
1333 1162 1442 1218 ὑπὸ
1484 1161 1651 1219 Κίννα
1690 1164 1976 1235 λάφυρον,
2005 1162 2100 1219 ὅτε
2129 1163 2473 1235 Μιθριδάτην
2501 1163 2752 1231 Ρωμαῖοι

595 1266 1055 1337 κατεπολέμησαν·
1128 1262 1248 1320 εἶτα
1312 1265 1515 1338 ἠφείθη
1574 1267 1665 1320 διὰ
1719 1270 1816 1341 τὴν
1870 1267 2158 1322 παίδευσιν
2177 1307 2192 1331 ,
2245 1262 2332 1321 καὶ
2386 1265 2522 1335 ἐβίω
2575 1268 2748 1342 μέχρι

606 1382 865 1454 Τιβερίου
908 1385 1015 1437 τοῦ
1054 1378 1374 1453 Καίσαρος,
1443 1372 1512 1435 id
1583 1391 1662 1436 ex
1729 1373 1920 1455 parte
1990 1373 2255 1437 tantum
2327 1391 2555 1437 verum
2627 1374 2744 1436 est.

593 1488 1025 1553 Parthenium
1102 1487 1287 1553 bello
1371 1490 1814 1556 Mithridatico
1901 1490 2093 1555 tertio
2163 1510 2224 1555 a.
2302 1490 2429 1555 681
2510 1509 2575 1554 u.
2648 1509 2684 1555 c
2727 1539 2742 1568 ‚

596 1624 746 1670 cum
838 1605 1079 1671 Nicaea
1174 1608 1697 1689 expugnaretur,
1775 1609 2045 1691 captum
2067 1656 2082 1687 ‚
2157 1607 2394 1673 deinde
2463 1607 2747 1687 Romam

593 1725 957 1789 adductum
1043 1725 1406 1808 posteaque
1492 1726 1762 1819 propter
1848 1726 2187 1791 doctrinae
2272 1726 2744 1808 praestantiam
2849 1788 2853 1795 .

593 1842 1075 1907 manumissum
1148 1862 1324 1921 esse,
1399 1844 1558 1909 satis
1616 1845 1883 1927 quidem
1933 1845 2236 1910 constare
2285 1844 2574 1924 videtur,
2627 1844 2741 1909 sed

593 1979 744 2026 eum
821 1960 1072 2027 Cinnae
1150 1962 1219 2025 in
1299 1960 1615 2042 praedam
1696 1961 1962 2025 cessisse
1986 2010 2002 2039 ‚
2083 1978 2313 2024 verum
2393 1978 2533 2024 esse
2603 1979 2739 2024 non

542 2166 545 2169 ψ
589 2080 833 2162 potest,
883 2098 1036 2144 cum
1085 2077 1333 2158 Cinna,
1386 2079 1461 2143 ut
1509 2096 1588 2141 ex
1634 2077 1881 2143 Velleio
1930 2078 2185 2143 Paterc.
2222 2078 2314 2159 ΙΙ,
2345 2077 2436 2142 24
2462 2096 2738 2160 cognos-

588 2197 796 2263 cimus
816 2247 831 2278 ‚
872 2198 1015 2282 Jam
1062 2197 1368 2262 undecim
1417 2197 1608 2262 annis
1656 2197 1812 2261 ante
1860 2196 2140 2261 Nicaeae
2186 2198 2738 2279 expugnationem

588 2316 965 2381 interfectus
1014 2316 1200 2381 esset.
1254 2308 1304 2399 ¹)
2610 2287 2642 2326 ’

674 2433 1021 2516 Nihiloque
1068 2433 1286 2499 verius
1334 2451 1474 2497 esse
1521 2432 1811 2510 videtur,
1867 2433 2047 2515 quod
2096 2432 2334 2497 Suidas
2381 2432 2604 2497 scribit
2653 2435 2734 2498 de

583 2552 921 2617 Parthenii
968 2552 1140 2619 vitae
1188 2552 1439 2635 spatio:
1487 2565 1623 2635 ἐβίω
1691 2567 1866 2640 μέχρι
1939 2564 2198 2637 Τιβερίου
2258 2568 2365 2620 τοῦ
2423 2562 2732 2637 Καίσαρος.

584 2673 713 2736 Fac
772 2671 945 2735 enim
1008 2670 1439 2735 Parthenium
1502 2671 1732 2753 viginti
1795 2690 2006 2735 annos
2052 2673 2288 2737 natum
2335 2654 2532 2735 fuisse
2580 2691 2734 2737 cum

582 2790 949 2872 caperetur,
1020 2789 1161 2853 t'um
1226 2788 1375 2871 plus
1421 2808 1625 2871 quam
1673 2807 1887 2853 annos
1933 2790 2201 2855 centum
2250 2791 2501 2872 septem
2551 2810 2730 2855 com-

581 2907 901 2991 plevisset.
969 2906 1147 2971 Anni
1193 2907 1451 2982 autem,
1494 2907 1610 2989 qui
1640 2906 2060 2972 intercedunt
2091 2908 2176 2972 ab
2209 2907 2450 2972 Nicaea
2481 2925 2730 2990 expug-

581 3026 737 3090 nata
785 3042 994 3106 usque
1042 3024 1127 3089 ad
1175 3023 1524 3107 imperium
1570 3023 1816 3089 Tiberii
1869 3025 2200 3106 octoginta
2247 3027 2500 3108 septem
2535 3026 2724 3092 sunt=
2813 3040 2815 3043 ⁴

582 3144 668 3209 73
718 3162 758 3208 a
808 3142 959 3207 Chr.
1013 3161 1077 3207 n.
1132 3178 1221 3189 —
1278 3143 1362 3207 14
1411 3162 1471 3225 p.
1528 3141 1682 3207 Chr.
1733 3161 1799 3207 n.
1918 3127 1927 3132 ⁰

673 3262 837 3326 Utut
880 3280 985 3325 res
1032 3261 1195 3326 haec
1241 3279 1383 3325 sese
1422 3261 1657 3342 habet,
1694 3260 2004 3340 suidam,
2041 3280 2193 3325 cum
2225 3260 2349 3327 hoc
2381 3262 2722 3332 scriberet.

579 3381 914 3444 auctorem
996 3397 1193 3443 suum
1254 3378 1427 3443 male
1490 3377 1914 3455 intellexisse,
1987 3380 2207 3461 potius
2274 3380 2468 3445 credo
2524 3401 2727 3464 quam

578 3499 651 3562 ut
699 3516 852 3562 cum
899 3496 973 3561 G.
1020 3497 1075 3562 J.
1127 3496 1359 3562 Vossio
1406 3498 1471 3561 et
1516 3497 1838 3562 Meinekio
1888 3515 2027 3561 rem
2074 3496 2426 3563 obscuram
2465 3500 2725 3583 conjec-

579 3616 743 3680 turis
790 3614 971 3679 omni
1016 3613 1448 3679 fundamento
1497 3614 1824 3679 destitutis
1869 3614 2223 3696 explanare
2269 3634 2486 3680 coner.

667 3732 1006 3821 Parthenii
1082 3733 1452 3797 carminum
1530 3731 1768 3797 Suidas
1850 3733 2110 3814 praeter
2179 3733 2484 3800 laudatas
2547 3750 2724 3807 Μετα.

574 3866 905 3934 μορφώσας
936 3852 1097 3917 haec
1124 3852 1387 3918 tantum
1410 3852 1627 3918 affert:
1648 3862 1981 3939 Ἀφροδίτην
2009 3853 2297 3935 (carmen
2321 3873 2362 3919 a
2386 3854 2722 3939 Stephano

576 3966 937 4050 Byzantino
1006 3989 1272 4054 quoque
1333 3972 1775 4037 memoratum
1823 3991 1874 4037 S.
1925 3994 1983 4038 V.
2028 3972 2435 4058 Ἀκαμάντιον),
2481 3986 2724 4064 Ἀρήτης

650 4247 683 4309 “)
726 4243 867 4299 Vide
902 4262 1038 4317 quae
1075 4244 1325 4301 Meinekc
1361 4246 1460 4301 hac
1494 4246 1559 4302 dc
1598 4264 1654 4302 re
1687 4247 1898 4303 notavit
1932 4248 2088 4303 Anal.
2122 4248 2276 4305 Alex.
2313 4266 2432 4321 pag.
2465 4248 2572 4305 256
2603 4267 2681 4321 sq.
