3392 5292
1748 634 1833 697 92

803 848 1043 912 Versus
1126 847 1247 923 79,
1332 846 1419 910 80
1504 845 1728 931 Haupt
1807 848 1870 912 et
1944 846 2236 911 Ribbeck
2308 848 2564 911 inverso
2637 848 2864 913 ordine

711 966 1233 1044 collocaverunt,
1301 964 1416 1027 sed
1466 940 1749 1028 'versum
1824 967 1910 1029 79
1984 967 2133 1047 post
2207 967 2285 1030 81
2370 966 2735 1048 trajicienS,
2794 971 2869 1032 ut

710 1104 830 1166 pro
918 1088 977 1148 et
1052 1082 1402 1163 legendum
1492 1102 1631 1147 esse
1719 1084 2012 1166 conjicio.
2115 1085 2202 1149 At
2289 1086 2630 1167 praeterea
2701 1086 2866 1149 alte-

711 1221 859 1266 rum
944 1202 1260 1266 mendum
1334 1201 1443 1265 illo
1518 1221 1706 1266 versu
1781 1204 1898 1266 est.
2011 1202 2179 1267 Nam
2229 1202 2611 1285 canibusque
2678 1202 2867 1267 malis

714 1340 952 1404 parum
1000 1318 1333 1403 poeticum
1374 1321 1499 1397 est,
1554 1322 1607 1384 si
1656 1321 1816 1403 quid
1841 1321 2048 1385 video.
2104 1320 2407 1385 Fortasse
2432 1320 2664 1385 melius
2688 1320 2863 1401 lege-

714 1440 896 1503 retur
984 1438 1366 1520 canibusque
1450 1438 1675 1503 avidis.
1777 1438 2015 1503 Confer
2095 1439 2322 1505 Sabini
2392 1440 2509 1521 Ep.
2587 1458 2750 1521 resp.
2838 1439 2865 1502 I

710 1576 801 1621 vs,
885 1557 1010 1621 33:
1082 1552 1284 1621 Illum
1353 1576 1482 1621 non
1554 1556 1762 1621 avidis
1832 1556 2095 1621 cambus
2165 1556 2392 1622 Niseia
2461 1556 2637 1640 vio-90
2697 1556 2864 1621 Fre-

708 1676 838 1761 9it,
892 1676 1008 1740 etc.

803 1793 934 1859 Pro
1006 1796 1269 1875 quaestu
1336 1792 1616 1873 passim,
1689 1794 1870 1875 quod
1942 1812 2030 1856 vs.
2111 1792 2197 1858 78
2263 1792 2532 1873 legitur,
2588 1792 2747 1856 mihi
2796 1794 2862 1857 in

718 1914 1007 1977 mentem
1056 1911 1235 1975 venit
1281 1914 1611 1993 quaestum
1658 1909 1936 1991 faciem,
1991 1912 2106 1975 sed
2154 1912 2582 1976 commutatio
2619 1929 2696 1975 ea
2729 1893 2862 1976 non

714 2037 880 2114 opus
928 2029 1045 2093 est.
1143 2028 1315 2093 Nam
1365 2033 1631 2111 quaestu
1678 2030 1719 2094 i.
1771 2049 1822 2095 e.
1887 2031 2133 2112 opificio
2179 2050 2294 2096 suo
2341 2030 2720 2113 simpliciter
2767 2032 2866 2095 est

710 2147 1034 2212 ablativus
1106 2148 1526 2211 instrumenti
1597 2149 1662 2211 et
1727 2147 1975 2229 passim
2036 2149 2358 2230 significat
2407 2154 2664 2228 temere,
2728 2149 2866 2214 sine

710 2264 1118 2342 discrimine;
1166 2264 1389 2329 confer
1435 2265 1601 2329 illud
1652 2266 2136 2332 Tibullianum:
2193 2266 2406 2334 Glans
2443 2267 2607 2333 abuit
2637 2272 2866 2333 veteres

714 2387 773 2447 et
813 2384 1056 2465 passim
1103 2402 1341 2465 semper
1387 2387 1710 2448 amarunt.

1551 2618 1652 2679 Vs.
1711 2620 2011 2681 85—88.

914 2827 1107 2899 Quam
1128 2873 1142 2900 ,
1182 2829 1340 2887 mala
1378 2826 1686 2905 multiplici
1725 2827 2004 2887 iuvenum
2045 2829 2205 2903 quod
2243 2835 2447 2905 saepta
2489 2837 2720 2890 caterva

912 2930 1153 2991 Dixerat
1194 2938 1371 3009 atque
1413 2931 1610 2991 animo
1650 2930 1930 2991 meretrix
1970 2931 2184 2991 iactata
2225 2932 2486 2993 ferarum
2502 2979 2516 3006 ,

912 3035 1198 3095 Infamem
1237 3035 1339 3096 tali
1378 3035 1590 3096 merito
1632 3054 1873 3096 rumore
1915 3036 2097 3097 fuisse
2184 3086 2208 3092 -

914 3139 1103 3200 Docta
1143 3140 1522 3219 Palaephatia
1558 3147 1807 3201 testatur
1848 3160 1991 3202 voce
2034 3161 2310 3220 papyrus,

776 3330 891 3397 (Vs,
933 3332 997 3385 85
1035 3330 1197 3403 mala]
1236 3330 1391 3386 modo
1429 3332 1505 3398 A,
1544 3350 1658 3387 corr
1689 3351 1748 3399 ας
1776 3333 1818 3397 'u
1857 3352 1933 3389 vs.
1973 3333 2039 3393 87
2074 3336 2264 3390 merito
2284 3353 2496 3389 rumore
2515 3318 2618 3391 N'io
2636 3338 2860 3391 Loensisz

709 3424 1021 3480 meritorum
1077 3443 1223 3481 more
1276 3427 1323 3480 O
1370 3432 1395 3489 ΙΙ
1432 3443 1511 3481 vs.
1568 3428 1636 3483 68
1690 3428 2036 3501 Palaephatia
2086 3431 2195 3485 edd.
2255 3436 2352 3485 ant
2369 3454 2380 3486 :
2439 3429 2753 3503 palepaphie
2807 3430 2862 3485 H

640 3602 643 3607 Ι
708 3519 1052 3595 palepaphiae
1108 3521 1173 3576 R.
1237 3522 1247 3593 Ι
1315 3540 1444 3579 voce
1496 3541 1728 3597 papyrus
1777 3526 1956 3595 vulfio:
2006 3542 2134 3580 voce
2171 3524 2428 3599 pachinus
2463 3525 2511 3580 Ο
2547 3525 2835 3599 (pachinnu

708 3615 767 3670 H
802 3634 849 3671 m
889 3617 975 3682 2».

801 3810 1106 3893 Scaligeri
1203 3813 1730 3878 emendationem
1823 3815 2070 3879 vixerat
2155 3816 2444 3881 retinens
2530 3800 2864 3881 Baehrens

715 3948 975 3994 versum
1022 3927 1136 3995 ‘86
1211 3931 1395 4012 legit:
1482 3932 1741 3999 Vixerat
1808 3938 2000 4015 utque
2055 3934 2236 3999 modo
2282 3936 2580 4001 meretrioe
2624 3936 2865 4001 iactata

706 4046 1037 4129 ferarum,
1087 4067 1348 4114 summo
1389 4050 1537 4133 jure
1586 4051 1858 4134 Hauptii
1907 4052 2353 4135 conjecturam
2401 4052 2564 4120 vixit
2610 4058 2863 4137 eratque

712 4164 1025 4248 rejiciens,
1124 4166 1271 4231 Non
1362 4168 1537 4233 enim
1624 4170 1820 4234 credo
1906 4169 2042 4234 ullo
2115 4170 2412 4253 exemplo
2485 4170 2860 4236 confirmari

709 4300 899 4365 posse
949 4282 1322 4367 temporum
1370 4286 1435 4351 in
1488 4286 1646 4353 vixit
1686 4289 1752 4351 et
1784 4294 1921 4354 erat
1951 4290 2407 4357 mutationem.
2474 4288 2606 4354 Nec
2639 4290 2862 4356 tamen
