3392 5292
1702 580 1791 643 48

769 894 947 958 Haec
994 895 1222 975 aperta
1269 894 1614 975 poetarum
1661 892 2048 956 Latinorum
2096 891 2375 956 imitatio
2416 909 2553 955 non
2586 888 2826 969 obstat,

671 1012 1024 1094 quominus
1093 1013 1324 1076 auctor
1395 1012 1618 1075 noster
1681 1011 1948 1093 poetam
2000 1010 2323 1075 Graecum
2371 1013 2527 1074 ante
2602 1010 2827 1074 oculos

676 1127 918 1194 habere
978 1129 1296 1211 potuerit,
1358 1128 1539 1211 quod
1585 1128 1747 1191 mihi
1795 1130 2053 1193 constat
2105 1129 2389 1192 diversos
2438 1128 2523 1191 ob
2573 1147 2825 1193 causaS.

673 1247 968 1311 Primum
1018 1246 1190 1310 enim
1240 1245 1364 1310 hoc
1411 1246 1631 1328 prodit
1680 1246 2023 1330 explicatio
2066 1246 2494 1329 etymologica
2545 1247 2829 1311 nominis

677 1364 842 1429 Ciris
891 1384 982 1429 vs,
1033 1363 1169 1428 488
1221 1364 1394 1429 data.
1496 1364 1803 1430 Coniunx
1849 1364 2213 1447 Neptunia,
2248 1369 2321 1429 ut
2346 1366 2543 1446 poeta
2566 1365 2821 1440 narrat,

676 1482 962 1565 Scyllam
1010 1482 1302 1564 squamis
1353 1483 1591 1547 vestire

877 1621 1013 1681 Non
1055 1620 1257 1681 statuit
1297 1620 1572 1698 (nimium
1614 1629 1705 1682 est
1744 1622 1982 1684 avidum
2024 1642 2205 1701 pecus
2244 1620 2685 1701 Amphitrites);

876 1726 1066 1787 Aeriis
1108 1725 1302 1803 potius
1343 1726 1657 1787 sublimem
1706 1728 1942 1788 sustulit
1984 1728 2091 1788 alis
2107 1774 2123 1801 ‚

877 1830 1049 1890 Esset
1089 1836 1154 1890 ut
1193 1829 1255 1889 in
1297 1830 1468 1890 terris
1512 1830 1650 1891 facti
1692 1832 1767 1891 de
1806 1832 2048 1892 nomine
2089 1832 2241 1893 ciris.

772 1986 942 2069 Ergo
1014 1986 1193 2070 quod
1265 1987 1468 2068 patris
1540 1975 1800 2053 comam
1862 1988 2285 2069 detonderat,
2336 2002 2445 2055 ἀπὸ
2492 2004 2597 2056 τοῦ
2632 2002 2829 2074 κείρειν

680 2108 895 2190 Scylla
964 2109 1033 2173 in
1105 2128 1292 2173 avem
1364 2106 1542 2173 Cirin
1605 2108 1863 2172 mutata
1911 2109 2029 2171 est.
2126 2108 2222 2171 Ex
2270 2108 2496 2173 Graeci
2544 2109 2832 2172 auctoris

677 2226 1041 2291 imitatione
1110 2228 1309 2291 etiam
1381 2226 1845 2309 explicandum
1894 2226 2018 2304 est,
2072 2226 2251 2308 quod
2299 2244 2392 2289 vs.
2446 2227 2533 2290 88
2585 2244 2825 2290 nomen

678 2343 1066 2427 Palaephati
1143 2344 1697 2409 commemoratur
1773 2344 2149 2426 passimque
2210 2343 2535 2409 vocabula
2582 2344 2829 2410 Graeca

678 2463 1121 2537 inveniuntur,
1175 2462 1374 2527 veluti
1421 2462 1643 2543 sophia
1692 2461 1815 2547 (vs.
1869 2461 1936 2543 4,
1987 2458 2135 2549 40),
2164 2462 2390 2545 peplus
2426 2460 2528 2550 (vs
2554 2463 2661 2539 21,
2707 2460 2824 2548 30)

675 2580 988 2663 psalteria
1047 2578 1165 2667 (vs
1228 2582 1424 2667 178),
1476 2580 1745 2663 ylaucus
1790 2585 1911 2665 (vs.
1968 2582 2134 2669 395,
2191 2580 2359 2667 452)
2410 2582 2475 2645 et
2521 2580 2834 2672 nymphae

680 2719 800 2782 pro
847 2700 1122 2785 vimine-s·
1172 2700 1286 2783 (vs,
1335 2698 1527 2785 434).
1580 2700 1787 2764 Porro
1828 2699 1971 2782 ,iam
2021 2698 2312 2781 Heynius
2360 2700 2535 2764 recte
2574 2700 2833 2764 monuit

681 2818 766 2883 ad
815 2819 1089 2883 verbum
1138 2838 1173 2882 e
1220 2818 1467 2883 Graeco
1518 2836 1902 2899 expressum
1952 2816 2154 2880 videri
2202 2836 2465 2888 versum
2520 2818 2688 2882 113:

885 2957 1268 3035 Carpathium
1309 2957 1538 3035 fugiens
1581 2963 1638 3017 et
1680 2956 1924 3018 flumina
1968 2956 2251 3017 Caeratea
2318 3032 2321 3035 ἦ

681 3116 788 3180 cui
835 3114 1032 3197 plane
1079 3114 1504 3213 respondet:⁴

895 3250 1214 3323 Καρπάθιον
1259 3252 1455 3307 λείπων
1496 3250 1582 3309 καὶ
1625 3254 1837 3321 νάματα
1884 3252 2204 3326 Καιράτεια.

780 3409 941 3489 Quis
988 3428 1123 3474 non
1171 3428 1322 3474 cum
1373 3410 1604 3475 eodem
1652 3429 1731 3475 ex
1775 3408 2005 3493 gelidis
2048 3409 2353 3476 Edonum
2382 3411 2674 3478 Bistonis
2706 3413 2836 3477 oris

688 3526 807 3615 (VS.
860 3529 1020 3614 165)
1047 3527 1232 3593 facile
1257 3530 1570 3610 agnoscat
1592 3530 1944 3594 Graecum:
1974 3536 2224 3595 Ἥδώνων
2256 3544 2507 3613 νιφόεντα
2533 3539 2836 3613 κατ-ὀὔρεα

683 3659 950 3721 Βιστονίς.
1045 3646 1178 3714 Nec
1211 3724 1217 3731 ,
1250 3647 1468 3711 minus
1529 3648 1703 3711 recte
1750 3648 1927 3712 idem
1976 3648 2242 3728 vestigia
2292 3648 2575 3714 Graecae
2623 3650 2837 3714 imita-

688 3764 880 3828 tionis
950 3764 1110 3829 vidit
1180 3784 1273 3830 vs,
1349 3765 1435 3829 92
1511 3765 1625 3829 ubi
1693 3758 1937 3830 mittere
2008 3771 2236 3831 cantus
2310 3766 2559 3831 dictum
2618 3769 2716 3832 est
2764 3770 2837 3832 ut

685 3882 1007 3946 Graecum
1056 3894 1194 3949 ἱέναι
1246 3898 1446 3969 φωνήν,
1493 3898 1701 3969 ἀοιδήν,
1750 3902 1841 3948 vs.
1900 3884 2027 3947 169
2080 3884 2194 3948 ubi
2241 3883 2541 3967 Sicyonia
2589 3885 2837 3950 Graeco

684 4012 754 4067 τὰ
808 4011 1076 4069 Σικυώνια
1118 4013 1447 4086 ὑποδήματα
1518 4003 1869 4086 respondet
1940 4004 2004 4067 et
2064 4022 2154 4066 vs.
2232 4003 2366 4067 215
2419 4002 2533 4067 ubi
2577 4003 2839 4069 umbras

685 4118 1005 4185 caeruleas
1061 4103 1438 4202 expressum
1488 4122 1587 4185 est
1635 4122 1720 4186 ad
1770 4121 2093 4186 Graecum
2141 4131 2305 4187 νύκτα
2336 4134 2580 4204 κυανέην,
2610 4134 2837 4188 κυανέαν

688 4246 916 4321 ὄρφναν.
1012 4238 1286 4317 Pallori,
1364 4258 1562 4322 quem
1610 4240 1923 4304 Horatius
1980 4235 2214 4324 (Epod.
2273 4238 2401 4303 10:
2443 4237 2549 4325 ¹6)
2601 4238 2837 4307 luteum
