3392 5292
1696 611 1783 677 72

685 842 1016 915 ἐπικήδειον,
1062 846 1165 913 τῆς
1208 806 1453 913 γαμετῆς
1502 836 1746 911 Ἀρήτης
1777 838 2063 910 ἐγκώμιον.
2134 822 2250 907 (Sic
2305 824 2478 889 enim
2540 821 2836 889 Meineke

683 947 885 1013 verba
957 946 1200 1012 Suidae
1272 945 1512 1010 rectius
1585 943 1911 1020 distinxit,
1989 961 2124 1007 non
2198 942 2331 1007 duo
2403 942 2696 1007 carmina
2750 940 2836 1005 ad

682 1066 927 1132 Areten
1021 1064 1381 1130 Parthenio
1455 1060 1782 1149 tribuens)
1854 1070 1940 1128 καὶ
1977 1072 2114 1130 ἄλλα
2149 1073 2342 1128 πολλά.
2440 1059 2627 1139 Quae
2690 1078 2835 1123 car-

680 1185 862 1249 mina
948 1183 1073 1248 sub
1154 1180 1425 1263 „multis
1489 1178 1674 1246 aliiS’'
1747 1178 2126 1262 intellegere
2190 1179 2550 1245 debeamus
2570 1227 2585 1258 ,
2668 1178 2836 1244 mira

682 1302 1038 1384 sagacitate
1086 1301 1379 1366 Meineke
1426 1298 1858 1380 investigavit.
1899 1297 1948 1382 ι)

776 1421 839 1484 IS
886 1420 1109 1484 autem
1157 1418 1288 1483 huc
1335 1416 1567 1483 refert:
1616 1426 1962 1503 Ἐπικήδειον
1997 1430 2082 1493 εἰς
2115 1430 2408 1497 Αὐξίθεμιν
2459 1414 2832 1503 (Οΐ.·5ῒθΡῙ].

682 1537 832 1621 Byz.
909 1556 957 1601 S.
1037 1557 1091 1602 V.
1168 1536 1529 1620 Γαλλήσιον),
1600 1544 1945 1621 Ἐπικήδειον
1993 1547 2078 1610 εἷς
2105 1543 2444 1623 Ἀρχελαίδα
2517 1534 2620 1621 (Cf.
2701 1535 2834 1599 He-

680 1654 930 1737 phaeSt.
1003 1654 1085 1718 de
1150 1653 1307 1736 Syll.
1366 1673 1428 1736 p.
1493 1655 1584 1737 9),
1650 1666 1788 1728 Βίας
1839 1651 1951 1741 (cf.
2012 1653 2510 1720 Choerohoscus
2559 1653 2833 1719 Bekkeri

679 1772 926 1838 Anecd.
981 1791 1041 1855 p.
1104 1772 1281 1837 1383
1326 1773 1390 1837 et
1422 1771 1636 1837 Schol.
1674 1771 1966 1837 Venetus
2001 1772 2192 1837 Hom.
2223 1769 2633 1857 11.1X446)‚
2659 1785 2834 1859 Δῆλος

678 1890 786 1977 (cf.
823 1890 1049 1973 Steph.
1085 1890 1239 1972 Byz.
1268 1909 1319 1955 S.
1346 1911 1407 1955 v.
1426 1893 1667 1976 Ὠγενος
1690 1889 1806 1955 ubi
1831 1890 1956 1955 hoc
1981 1909 2248 1955 carmen
2273 1890 2630 1956 Parthenio
2653 1891 2831 1957 Pho-

679 2009 935 2076 caeensi
969 2008 1132 2073 falso
1169 2009 1495 2089 tribuitur,
1534 2009 1599 2073 et
1622 2009 1962 2091 praeterea
1986 2029 2035 2073 S.
2058 2029 2159 2074 vv.
2193 2021 2535 2096 Βεληδόνιοι,
2575 2007 2827 2096 Γρυνοί),

677 2138 1041 2214 Κρινανόρας
1090 2125 1201 2207 (cf.
1251 2126 1461 2209 Etym.
1516 2127 1731 2209 Magn.
1787 2147 1848 2210 p.
1909 2127 2075 2207 148,
2135 2128 2221 2193 33
2257 2128 2326 2191 in
2359 2126 2830 2215 voce‘'A,0nu‹,-),

677 2256 973 2315 Λευκαδίαι
1023 2244 1131 2331 (cf.
1186 2244 1414 2327 Steph.
1465 2244 1615 2328 Byz.
1670 2265 1718 2310 S.
1759 2266 1820 2310 v.
1845 2244 2141 2333 Ἰβηρίαι),
2171 2254 2430 2332 Ἀνθίππη
2466 2246 2569 2329 (cf.
2603 2247 2824 2329 Steph.

677 2361 831 2445 Byz.
884 2381 933 2425 S.
987 2382 1045 2426 v.
1096 2362 1436 2444 Κρανίδες),
1490 2372 1898 2446 Εῖδωλοφανής
1933 2358 2038 2449 (cf.
2085 2363 2476 2447 Apollonius
2516 2366 2596 2430 de
2629 2366 2824 2432 Pron.

676 2498 742 2561 p.
799 2473 1008 2563 378b),
1050 2487 1297 2563 Ἴφικλος
1344 2478 1439 2563 (Cf
1502 2479 1725 2562 Steph.
1782 2478 1936 2563 Byz.
1979 2500 2026 2546 S.
2075 2502 2136 2545 V·
2164 2480 2486 2570 Ἀράφεια),
2525 2494 2831 2558 Μυττωτός·

675 2594 778 2681 (ut
822 2615 959 2660 non
1008 2595 1179 2661 male
1228 2596 1517 2679 Scaliger
1563 2597 1894 2680 inscripsit
1938 2599 2281 2665 Parthenii
2312 2620 2613 2679 carmen,
2650 2602 2828 2683 quod

674 2714 994 2795 Vergilius
1041 2716 1110 2779 in
1156 2716 1407 2781 Moreto
1446 2716 1742 2780 imitatus
1793 2716 1945 2801 est),
1992 2728 2411 2800 Προπεμπτικόν
2448 2717 2559 2806 (cf.
2599 2720 2821 2804 Steph.

675 2831 829 2914 Byz.
896 2852 947 2895 s.
1017 2853 1075 2897 v.
1143 2833 1481 2917 Κώρυκος),
1523 2842 1807 2918 Ἡρακλῆς
1857 2831 1964 2920 (cf.
2017 2834 2228 2917 Etym.
2280 2837 2498 2918 Magn.
2550 2858 2614 2920 p.
2674 2840 2825 2920 170,

674 2949 763 3015 47
836 2970 887 3014 S.
941 2971 999 3015 V.
1076 2962 1408 3039 Αὖρόσχας,
1483 2972 1543 3035 p.
1602 2952 1774 3032 374,
1828 2954 1914 3017 50
1967 2972 2015 3017 S.
2070 2974 2127 3017 V.
2174 2961 2548 3043 Ἐρίσχηλος,
2597 2958 2821 3041 Steph.

674 3067 826 3150 Byz.
881 3088 933 3132 S.
970 3088 1030 3133 v.
1068 3072 1237 3135 Ἴσσα
1286 3070 1351 3133 et
1393 3080 1627 3154 oc'uasvv,
1676 3070 1888 3155 Etym.
1941 3071 2158 3153 Magn.
2208 3093 2274 3155 p.
2330 3074 2497 3152 375,
2556 3076 2640 3140 33
2687 3096 2734 3142 S.
2767 3098 2820 3141 v.

666 3195 963 3270 εΕ,ιηιύνιο<.·
1011 3185 1285 3271 δρυμός).
1387 3188 1738 3255 Praeterea
1806 3190 2206 3257 Parthenius
2271 3192 2566 3257 oratione
2612 3192 2830 3258 soluta

671 3304 917 3369 librum
968 3313 1109 3387 Περὶ
1154 3317 1436 3387 ἐρωτικῶν
1478 3321 1813 3391 παθημάτων
1860 3310 2249 3392 inscriptum
2296 3311 2701 3393 composuit,
2745 3312 2826 3376 de

669 3442 803 3505 quo
852 3422 1051 3505 paulo
1098 3424 1247 3504 post
1299 3422 1491 3505 plura
1539 3424 1775 3490 dicam.

762 3540 1097 3607 Parthenii
1171 3542 1465 3607 carmina
1538 3543 1826 3610 maxima
1900 3563 1979 3608 ex
2050 3546 2239 3628 parte
2309 3547 2394 3611 ad
2466 3547 2825 3629 elegiacum

668 3677 873 3741 genus
950 3662 1284 3744 pertinent
1364 3662 1428 3726 et
1511 3662 1706 3727 certis
1778 3663 1981 3745 Signis
2055 3666 2269 3747 poesis
2339 3665 2822 3732 Alexandrinae

667 3778 897 3844 notata
970 3781 1145 3845 sunt.
1243 3780 1524 3863 Propter
1586 3781 1881 3846 studium
1930 3782 2362 3848 obscurarum
2411 3786 2476 3849 et
2525 3786 2819 3850 recondi-

666 3894 885 3960 tarum
959 3896 1334 3963 fabularum
1412 3918 1565 3964 eum
1632 3900 1697 3965 et
1744 3877 2244 3983 Lycophronem
2293 3903 2357 3990 et
2405 3901 2821 3968 Heraclidem

665 4012 1012 4079 Ponticum
1087 4036 1222 4081 una
1295 4019 1599 4083 nominat
1671 4019 2129 4086 Artemidorus
2202 4021 2497 4087 Onirocr.
2562 4022 2677 4103 IV,
2732 4024 2817 4087 63

738 4249 776 4313 ¹)
814 4248 896 4305 Cf.
934 4250 1074 4305 Ana]
1126 4251 1284 4309 Alex.
1322 4271 1441 4326 pag.
1478 4256 1583 4311 259
1618 4275 1733 4329 sqq.
