3392 5292
1725 576 1765 639 2

667 790 835 853 cives
898 808 1256 872 eorumque
1305 808 1419 854 rex
1467 789 1664 855 Nisus
1714 792 1975 856 moenia
2022 790 2203 856 urbis
2252 791 2600 859 defendere
2650 792 2813 858 inci-

668 907 860 988 piunt
928 908 1160 972 confisi
1228 926 1418 974 coma
1491 909 1659 991 regis
1736 928 2106 992 purpurea,
2156 910 2225 974 in
2274 928 2411 993 qua
2453 909 2589 976 fata
2637 910 2818 976 urbis

639 1007 1077 1092 constabant.
1132 1027 1425 1092 Etenim:

870 1212 1052 1293 Cujus
1093 1234 1274 1293 quam
1314 1222 1544 1277 servata
1586 1216 1686 1277 diu
1726 1223 1938 1278 natura
1977 1217 2217 1292 fuisset,

869 1318 1021 1379 Tam
1061 1320 1314 1398 patriam
1355 1320 1715 1383 incolumem
1756 1321 1884 1382 Nisi
1928 1341 2293 1401 regnumque
2329 1322 2594 1383 futurum

869 1422 1208 1486 Concordes
1249 1424 1442 1487 stabili
1485 1426 1795 1487 firmarunt
1833 1426 2075 1488 numine
2117 1427 2339 1489 Parcae
2381 1426 2495 1503 (VS.
2541 1426 2699 1503 125).

869 1527 994 1590 Nec
1033 1548 1171 1590 vero
1208 1531 1356 1593 haec
1397 1531 1574 1593 crinis
1616 1531 1885 1593 custodia
1923 1552 2073 1592 vana
2112 1530 2321 1593 fuisset
2362 1531 2472 1609 (vs.
2518 1532 2659 1609 129)
2678 1578 2692 1606 ,

546 1742 551 1747 ·
668 1710 738 1775 ni
785 1710 953 1793 regis
1001 1709 1208 1775 filiam
1254 1710 1539 1793 Scyllam
1588 1711 1822 1776 insano
1869 1711 2103 1776 Minois
2150 1730 2375 1777 amore
2422 1731 2463 1777 a
2502 1711 2823 1797 Cupidine

666 1828 1065 1895 inflammari
1135 1829 1427 1894 curasset
1496 1828 1703 1909 Jun0‚
1778 1828 2032 1912 Scyllae
2100 1829 2307 1910 irata,
2382 1830 2563 1911 quod
2611 1830 2823 1895 scelus

667 1952 734 2016 in
811 1970 878 2016 se
936 1950 1384 2027 commiserat,
1438 1950 1626 2033 cujus
1673 1951 1966 2015 narratio
2015 1946 2478 2015 obscurissima]
2526 1950 2823 2031 sequitur

669 2088 760 2135 vs,
819 2070 1207 2136 139—169.
1305 2069 1501 2148 Quod
1551 2071 1777 2135 autem
1826 2068 2022 2143 fuerit
2068 2070 2280 2135 scelus
2328 2068 2493 2134 illud
2523 2068 2816 2151 puellae,

668 2208 749 2253 ex
816 2188 943 2253 hoc
1011 2187 1157 2252 loco
1231 2188 1641 2253 conclamato
1717 2187 1931 2269 colligi
1993 2207 2130 2252 non
2191 2187 2426 2269 potest.
2526 2185 2824 2251 Ribbeck
2922 2168 2931 2175 ⁶

671 2306 876 2392 (Mus,
969 2305 1182 2370 Rhen.
1267 2304 1468 2369 XVIII
1541 2324 1606 2386 p.
1685 2303 2081 2388 112—122)
2153 2304 2486 2384 ingeniose
2557 2306 2823 2387 quidem

669 2425 1039 2507 suspicatur
1071 2423 1392 2505 puellam,
1439 2422 1513 2488 ut
1546 2423 1795 2487 vestem
1830 2423 2129 2500 ornaret,
2176 2422 2493 2503 templum
2523 2423 2822 2500 intrasse,

670 2543 762 2609 ibi
807 2542 1081 2607 fortasse
1113 2541 1390 2629 fibulam
1424 2541 1586 2606 deae
1621 2540 2010 2623 sumpsisse,
2047 2539 2245 2623 idque
2276 2541 2507 2622 postea
2538 2539 2824 2622 perjuri0

668 2661 1020 2727 infitiatam
1093 2680 1267 2740 esse,
1344 2660 1460 2725 sed
1531 2661 1657 2726 hoc
1710 2679 1893 2725 mera
1941 2660 2320 2744 conjectura
2366 2659 2617 2749 nititur.
2685 2657 2827 2722 Hoc

670 2781 894 2845 tamen
965 2769 1202 2845 statui'
1241 2797 1434 2863 posse
1503 2778 1764 2869 videtur
1817 2778 2137 2859 virginem
2182 2778 2507 2843 ,Iunonem
2557 2776 2827 2859 pudoris

662 2898 992 2986 ‘vindicem
1036 2897 1301 2963 laesisse
1349 2897 1413 2962 et
1459 2915 1648 2963 sacra
1695 2896 2120 2979 perturbasse
2147 2896 2216 2982 1).

762 3015 921 3081 Post
974 3015 1138 3081 haec
1185 3016 1606 3095 describitur,
1658 3036 1976 3101 quorsum
2024 3016 2229 3081 furori
2269 3016 2607 3098 proximus
2640 3034 2827 3080 amor

669 3133 948 3199 evadere
1019 3133 1247 3201 soleat.
1355 3135 1670 3202 Videmus
1744 3134 2065 3201 infelicem
2137 3135 2455 3217 virginem
2522 3136 2592 3199 in
2662 3132 2826 3199 urbe

668 3251 1104 3317 bacchantem
1124 3303 1140 3331 ,
1227 3252 1482 3319 cultum
1545 3253 1838 3337 corporis
1899 3253 2387 3336 neglegentem,
2471 3252 2826 3334 noctesque

670 3370 939 3453 diesque
971 3372 1384 3437 occasionem
1416 3373 1703 3439 amantis
1738 3372 2125 3457 speculandi
2157 3370 2787 3453 circumspicientem
2807 3363 2833 3447 ;'

670 3488 890 3553 colum
962 3489 1294 3573 telamque
1364 3509 1499 3556 non
1572 3490 1796 3569 curat,
1856 3509 2149 3575 curaque
2198 3489 2578 3572 expallescit
2623 3490 2825 3570 atque

670 3605 1063 3689 extabescit,
1116 3608 1327 3674 donec
1376 3609 1647 3674 tandem
1694 3628 1784 3673 VS.
1848 3609 2019 3674 184:

744 3963 782 4023 ι)
835 3958 1026 4014 Lectio
1082 3957 1480 4013 Baehrensiana
1535 3974 1613 4013 vs,
1668 3956 1807 4011 1492
1862 3974 1969 4012 cum
2020 3974 2110 4012 vas
2160 3973 2188 4011 e
2232 3954 2461 4010 manibus
2511 3953 2665 4025 fudit
2708 3952 2827 4024 pila

673 4052 945 4125 probanda
977 4069 1088 4109 non
1123 4051 1350 4116 videtur,
1388 4051 1515 4125 quia
1550 4050 1795 4108 versibus
1831 4050 2182 4124 sequentibus
2218 4049 2431 4105 demum
2461 4046 2669 4121 Scyllae
2693 4043 2847 4103 vitio'

673 4147 905 4205 vertitur
952 4147 1097 4222 quod
1149 4147 1396 4205 celeriter
1436 4148 1701 4219 procurrit
1749 4149 1846 4204 aut
1891 4164 2061 4218 prona
2111 4148 2219 4203 ruit
2268 4144 2367 4213 (sic
2417 4143 2558 4199 enim
2596 4142 2822 4197 fortasse

674 4244 1046 4315 corrigendum
1088 4249 1187 4310 est)
1225 4247 1282 4301 et
1318 4243 1511 4316 pallam
1551 4243 1813 4300 solverat.
