<?xml version="1.0" encoding="UTF-8"?>
<!DOCTYPE html PUBLIC "-//W3C//DTD XHTML 1.0 Transitional//EN"
    "http://www.w3.org/TR/xhtml1/DTD/xhtml1-transitional.dtd">
<html xmlns="http://www.w3.org/1999/xhtml" xml:lang="en" lang="en">
 <head>
  <title>
</title>
<meta http-equiv="Content-Type" content="text/html;charset=utf-8" />
  <meta name='ocr-system' content='tesseract 3.04.00' />
  <meta name='ocr-capabilities' content='ocr_page ocr_carea ocr_par ocr_line ocrx_word'/>
</head>
<body>
  <div class='ocr_page' id='page_1' title='image "./prolegomenainci00kreugoog_0026.png"; bbox 0 0 3392 5292; ppageno 0'>
   <div class='ocr_carea' id='block_1_1' title="bbox 1641 567 1727 631">
    <p class='ocr_par' dir='ltr' id='par_1_1' title="bbox 1641 567 1727 631">
     <span class='ocr_line' id='line_1_1' title="bbox 1641 567 1727 631; baseline 0 0"><span class='ocrx_word' id='word_1_1' title='bbox 1641 567 1727 631; x_wconf 79' lang='lat'>14</span> 
     </span>
    </p>
   </div>
   <div class='ocr_carea' id='block_1_2' title="bbox 806 776 2289 1066">
    <p class='ocr_par' dir='ltr' id='par_1_2' title="bbox 806 776 2289 1066">
     <span class='ocr_line' id='line_1_2' title="bbox 1222 776 2289 858; baseline -0.008 -15"><span class='ocrx_word' id='word_1_2' title='bbox 1222 781 1332 843; x_wconf 93' lang='lat' dir='ltr'>Cui</span> <span class='ocrx_word' id='word_1_3' title='bbox 1369 781 1481 858; x_wconf 91' lang='lat' dir='ltr'>(sc.</span> <span class='ocrx_word' id='word_1_4' title='bbox 1523 776 2079 854; x_wconf 82' lang='lat' dir='ltr'>Niso)·splendidus</span> <span class='ocrx_word' id='word_1_5' title='bbox 2123 782 2289 836; x_wconf 90' lang='lat' dir='ltr'>ostro</span> 
     </span>
     <span class='ocr_line' id='line_1_3' title="bbox 806 880 2154 951; baseline -0.009 0"><span class='ocrx_word' id='word_1_6' title='bbox 806 892 960 951; x_wconf 84' lang='lat' dir='ltr'><strong>Inter</strong></span> <span class='ocrx_word' id='word_1_7' title='bbox 1000 891 1322 949; x_wconf 87' lang='lat' dir='ltr'>honoratos</span> <span class='ocrx_word' id='word_1_8' title='bbox 1364 884 1559 946; x_wconf 91' lang='lat' dir='ltr'>medio</span> <span class='ocrx_word' id='word_1_9' title='bbox 1603 885 1675 944; x_wconf 88' lang='lat' dir='ltr'>de</span> <span class='ocrx_word' id='word_1_10' title='bbox 1722 880 1932 942; x_wconf 90' lang='lat' dir='ltr'>vertice</span> <span class='ocrx_word' id='word_1_11' title='bbox 1974 899 2154 941; x_wconf 88' lang='lat' dir='ltr'>canos</span> 
     </span>
     <span class='ocr_line' id='line_1_4' title="bbox 812 983 2120 1066; baseline -0.01 -10"><span class='ocrx_word' id='word_1_12' title='bbox 812 994 1005 1056; x_wconf 89' lang='lat' dir='ltr'>Crinis</span> <span class='ocrx_word' id='word_1_13' title='bbox 1063 992 1406 1053; x_wconf 82' lang='lat' dir='ltr'><strong>inhaerebat</strong></span> <span class='ocrx_word' id='word_1_14' title='bbox 1434 988 1642 1066; x_wconf 81' lang='lat' dir='ltr'>&#39;magni</span> <span class='ocrx_word' id='word_1_15' title='bbox 1683 986 1899 1048; x_wconf 91' lang='lat' dir='ltr'>fiducia</span> <span class='ocrx_word' id='word_1_16' title='bbox 1938 983 2120 1061; x_wconf 88' lang='lat' dir='ltr'>regni.</span> 
     </span>
    </p>
   </div>
   <div class='ocr_carea' id='block_1_3' title="bbox 611 1122 1695 1212">
    <p class='ocr_par' dir='ltr' id='par_1_3' title="bbox 611 1122 1695 1212">
     <span class='ocr_line' id='line_1_5' title="bbox 611 1122 1695 1212; baseline -0.009 -17"><span class='ocrx_word' id='word_1_17' title='bbox 611 1131 678 1195; x_wconf 85' lang='lat' dir='ltr'>ct</span> <span class='ocrx_word' id='word_1_18' title='bbox 724 1128 1019 1212; x_wconf 72' lang='lat' dir='ltr'>eiusdem</span> <span class='ocrx_word' id='word_1_19' title='bbox 1067 1124 1374 1191; x_wconf 86' lang='lat' dir='ltr'>carminis</span> <span class='ocrx_word' id='word_1_20' title='bbox 1419 1141 1510 1187; x_wconf 84' lang='lat' dir='ltr'>vs,</span> <span class='ocrx_word' id='word_1_21' title='bbox 1566 1122 1695 1186; x_wconf 71' lang='lat'>92:</span> 
     </span>
    </p>
   </div>
   <div class='ocr_carea' id='block_1_4' title="bbox 973 1257 2212 1441">
    <p class='ocr_par' dir='ltr' id='par_1_4' title="bbox 973 1257 2212 1441">
     <span class='ocr_line' id='line_1_6' title="bbox 1540 1257 2212 1339; baseline -0.009 -16"><span class='ocrx_word' id='word_1_22' title='bbox 1540 1262 1702 1339; x_wconf 83' lang='lat' dir='ltr'>Cape</span> <span class='ocrx_word' id='word_1_23' title='bbox 1741 1259 1952 1339; x_wconf 85' lang='lat' dir='ltr'>pignus</span> <span class='ocrx_word' id='word_1_24' title='bbox 1994 1257 2212 1319; x_wconf 91' lang='lat' dir='ltr'>amoris</span> 
     </span>
     <span class='ocr_line' id='line_1_7' title="bbox 973 1360 1632 1441; baseline -0.002 -18"><span class='ocrx_word' id='word_1_25' title='bbox 973 1363 1348 1441; x_wconf 89' lang='lat' dir='ltr'>Purpureum</span> <span class='ocrx_word' id='word_1_26' title='bbox 1391 1360 1632 1423; x_wconf 88' lang='lat' dir='ltr'>crinem.</span> 
     </span>
    </p>
   </div>
   <div class='ocr_carea' id='block_1_5' title="bbox 613 1492 2186 1591">
    <p class='ocr_par' dir='ltr' id='par_1_5' title="bbox 613 1492 2186 1591">
     <span class='ocr_line' id='line_1_8' title="bbox 613 1492 2186 1591; baseline -0.002 -29"><span class='ocrx_word' id='word_1_27' title='bbox 613 1499 820 1563; x_wconf 90' lang='lat' dir='ltr'>Porro</span> <span class='ocrx_word' id='word_1_28' title='bbox 868 1495 1192 1577; x_wconf 81' lang='lat' dir='ltr'>Propertii</span> <span class='ocrx_word' id='word_1_29' title='bbox 1239 1493 1378 1558; x_wconf 92' lang='lat' dir='ltr'>Lib.</span> <span class='ocrx_word' id='word_1_30' title='bbox 1432 1494 1519 1558; x_wconf 92' lang='lat' dir='ltr'>III</span> <span class='ocrx_word' id='word_1_31' title='bbox 1569 1492 1712 1580; x_wconf 93' lang='lat' dir='ltr'>(IV)</span> <span class='ocrx_word' id='word_1_32' title='bbox 1759 1514 1815 1559; x_wconf 90' lang='lat' dir='ltr'>c.</span> <span class='ocrx_word' id='word_1_33' title='bbox 1874 1496 1980 1561; x_wconf 90' lang='lat'>19.</span> <span class='ocrx_word' id='word_1_34' title='bbox 2034 1495 2186 1591; x_wconf 61' lang='lat' dir='ltr'>5⁴22:r</span> 
     </span>
    </p>
   </div>
   <div class='ocr_carea' id='block_1_6' title="bbox 619 1633 2290 1863">
    <p class='ocr_par' dir='ltr' id='par_1_6' title="bbox 619 1633 2290 1863">
     <span class='ocr_line' id='line_1_9' title="bbox 977 1633 2290 1711; baseline 0 -18"><span class='ocrx_word' id='word_1_35' title='bbox 977 1633 1214 1695; x_wconf 87' lang='lat' dir='ltr'>Tondes</span> <span class='ocrx_word' id='word_1_36' title='bbox 1256 1652 1554 1711; x_wconf 90' lang='lat' dir='ltr'>purpurea</span> <span class='ocrx_word' id='word_1_37' title='bbox 1594 1652 1775 1710; x_wconf 85' lang='lat' dir='ltr'>regna</span> <span class='ocrx_word' id='word_1_38' title='bbox 1816 1640 2061 1710; x_wconf 90' lang='lat' dir='ltr'>paterna</span> <span class='ocrx_word' id='word_1_39' title='bbox 2102 1652 2290 1695; x_wconf 91' lang='lat' dir='ltr'>coma.</span> 
     </span>
     <span class='ocr_line' id='line_1_10' title="bbox 619 1764 1550 1863; baseline -0.004 -30"><span class='ocrx_word' id='word_1_40' title='bbox 619 1767 865 1863; x_wconf 79' lang='lat' dir='ltr'>Tibulli</span> <span class='ocrx_word' id='word_1_41' title='bbox 913 1766 1052 1831; x_wconf 88' lang='lat' dir='ltr'>Lib.</span> <span class='ocrx_word' id='word_1_42' title='bbox 1106 1766 1173 1846; x_wconf 88' lang='lat' dir='ltr'>I,</span> <span class='ocrx_word' id='word_1_43' title='bbox 1224 1765 1305 1844; x_wconf 79' lang='lat'>4,</span> <span class='ocrx_word' id='word_1_44' title='bbox 1359 1764 1487 1830; x_wconf 83' lang='lat'>63:</span> <span class='ocrx_word' id='word_1_45' title='bbox 1541 1806 1550 1812; x_wconf 94' lang='lat'>-</span> 
     </span>
    </p>
   </div>
   <div class='ocr_carea' id='block_1_7' title="bbox 818 1904 2493 2095">
    <p class='ocr_par' dir='ltr' id='par_1_7' title="bbox 818 1904 2493 2095">
     <span class='ocr_line' id='line_1_11' title="bbox 820 1904 2493 1984; baseline -0.002 -16"><span class='ocrx_word' id='word_1_46' title='bbox 820 1906 1096 1968; x_wconf 84' lang='lat' dir='ltr'>Carmine</span> <span class='ocrx_word' id='word_1_47' title='bbox 1136 1911 1487 1984; x_wconf 91' lang='lat' dir='ltr'>purpureast</span> <span class='ocrx_word' id='word_1_48' title='bbox 1527 1904 1655 1965; x_wconf 90' lang='lat' dir='ltr'>Nisi</span> <span class='ocrx_word' id='word_1_49' title='bbox 1697 1922 1899 1966; x_wconf 87' lang='lat' dir='ltr'>coma:</span> <span class='ocrx_word' id='word_1_50' title='bbox 1944 1905 2207 1967; x_wconf 90' lang='lat' dir='ltr'>carmina</span> <span class='ocrx_word' id='word_1_51' title='bbox 2246 1906 2308 1966; x_wconf 93' lang='lat' dir='ltr'>ni</span> <span class='ocrx_word' id='word_1_52' title='bbox 2352 1906 2493 1979; x_wconf 90' lang='lat' dir='ltr'>sint,</span> 
     </span>
     <span class='ocr_line' id='line_1_12' title="bbox 818 2010 2150 2095; baseline 0.001 -25"><span class='ocrx_word' id='word_1_53' title='bbox 818 2011 909 2070; x_wconf 86' lang='lat' dir='ltr'>Ex</span> <span class='ocrx_word' id='word_1_54' title='bbox 947 2011 1196 2071; x_wconf 88' lang='lat' dir='ltr'>humero</span> <span class='ocrx_word' id='word_1_55' title='bbox 1237 2010 1472 2089; x_wconf 91' lang='lat' dir='ltr'>Pelopis</span> <span class='ocrx_word' id='word_1_56' title='bbox 1514 2030 1635 2072; x_wconf 92' lang='lat' dir='ltr'>non</span> <span class='ocrx_word' id='word_1_57' title='bbox 1674 2010 1946 2072; x_wconf 84' lang='lat' dir='ltr'>nituisset</span> <span class='ocrx_word' id='word_1_58' title='bbox 1987 2012 2150 2095; x_wconf 82' lang='lat' dir='ltr'>ebur.</span> 
     </span>
    </p>
   </div>
   <div class='ocr_carea' id='block_1_8' title="bbox 620 2142 2027 2225">
    <p class='ocr_par' dir='ltr' id='par_1_8' title="bbox 620 2142 2027 2225">
     <span class='ocr_line' id='line_1_13' title="bbox 620 2142 2027 2225; baseline -0.002 -16"><span class='ocrx_word' id='word_1_59' title='bbox 620 2143 813 2209; x_wconf 75' lang='lat' dir='ltr'>statii</span> <span class='ocrx_word' id='word_1_60' title='bbox 859 2142 1214 2207; x_wconf 77' lang='lat' dir='ltr'>Thebaidis</span> <span class='ocrx_word' id='word_1_61' title='bbox 1260 2142 1403 2206; x_wconf 86' lang='lat' dir='ltr'>Lib.</span> <span class='ocrx_word' id='word_1_62' title='bbox 1452 2143 1498 2207; x_wconf 91' lang='lat'>1.</span> <span class='ocrx_word' id='word_1_63' title='bbox 1554 2162 1644 2208; x_wconf 80' lang='lat' dir='ltr'>vs.</span> <span class='ocrx_word' id='word_1_64' title='bbox 1702 2143 1834 2207; x_wconf 73' lang='lat'>332</span> <span class='ocrx_word' id='word_1_65' title='bbox 1885 2161 2027 2225; x_wconf 78' lang='lat' dir='ltr'>sqq.</span> 
     </span>
    </p>
   </div>
   <div class='ocr_carea' id='block_1_9' title="bbox 822 2278 2464 2673">
    <p class='ocr_par' dir='ltr' id='par_1_9' title="bbox 822 2278 2464 2673">
     <span class='ocr_line' id='line_1_14' title="bbox 1121 2278 2464 2359; baseline 0.001 -20"><span class='ocrx_word' id='word_1_66' title='bbox 1121 2280 1275 2339; x_wconf 92' lang='lat' dir='ltr'>Hinc</span> <span class='ocrx_word' id='word_1_67' title='bbox 1314 2286 1473 2341; x_wconf 87' lang='lat' dir='ltr'>arcte</span> <span class='ocrx_word' id='word_1_68' title='bbox 1515 2282 1831 2359; x_wconf 84' lang='lat' dir='ltr'>scopulos&#39;o</span> <span class='ocrx_word' id='word_1_69' title='bbox 1872 2280 1935 2340; x_wconf 90' lang='lat' dir='ltr'>in</span> <span class='ocrx_word' id='word_1_70' title='bbox 1973 2278 2159 2341; x_wconf 88' lang='lat' dir='ltr'>limite</span> <span class='ocrx_word' id='word_1_71' title='bbox 2201 2281 2464 2359; x_wconf 88' lang='lat' dir='ltr'>pendens</span> 
     </span>
     <span class='ocr_line' id='line_1_15' title="bbox 824 2383 2231 2463; baseline 0.001 -19"><span class='ocrx_word' id='word_1_72' title='bbox 824 2385 1081 2445; x_wconf 81' lang='lat' dir='ltr'>infames</span> <span class='ocrx_word' id='word_1_73' title='bbox 1123 2383 1385 2461; x_wconf 83' lang='lat' dir='ltr'>Scyrone</span> <span class='ocrx_word' id='word_1_74' title='bbox 1427 2391 1622 2460; x_wconf 88' lang='lat' dir='ltr'>petras</span> <span class='ocrx_word' id='word_1_75' title='bbox 1666 2384 2049 2463; x_wconf 85' lang='lat' dir='ltr'>Scyllaeaque</span> <span class='ocrx_word' id='word_1_76' title='bbox 2090 2404 2231 2445; x_wconf 89' lang='lat' dir='ltr'>rura</span> 
     </span>
     <span class='ocr_line' id='line_1_16' title="bbox 822 2488 2303 2570; baseline -0.003 -18"><span class='ocrx_word' id='word_1_77' title='bbox 822 2493 1130 2570; x_wconf 87' lang='lat' dir='ltr'>Purpureo</span> <span class='ocrx_word' id='word_1_78' title='bbox 1171 2495 1412 2566; x_wconf 88' lang='lat' dir='ltr'>regnata</span> <span class='ocrx_word' id='word_1_79' title='bbox 1453 2488 1579 2549; x_wconf 88' lang='lat' dir='ltr'>seni</span> <span class='ocrx_word' id='word_1_80' title='bbox 1611 2488 1935 2566; x_wconf 82' lang='lat' dir='ltr'>mitemque</span> <span class='ocrx_word' id='word_1_81' title='bbox 1976 2488 2303 2550; x_wconf 88' lang='lat' dir='ltr'>Corinthon</span> 
     </span>
     <span class='ocr_line' id='line_1_17' title="bbox 823 2592 2409 2673; baseline -0.001 -16"><span class='ocrx_word' id='word_1_82' title='bbox 823 2593 1094 2673; x_wconf 86' lang='lat' dir='ltr'>Linquit,</span> <span class='ocrx_word' id='word_1_83' title='bbox 1137 2600 1195 2655; x_wconf 88' lang='lat' dir='ltr'>et</span> <span class='ocrx_word' id='word_1_84' title='bbox 1233 2592 1296 2653; x_wconf 92' lang='lat' dir='ltr'>in</span> <span class='ocrx_word' id='word_1_85' title='bbox 1335 2592 1544 2654; x_wconf 88' lang='lat' dir='ltr'>mediis</span> <span class='ocrx_word' id='word_1_86' title='bbox 1587 2593 1751 2654; x_wconf 91' lang='lat' dir='ltr'>audit</span> <span class='ocrx_word' id='word_1_87' title='bbox 1791 2594 1907 2655; x_wconf 93' lang='lat' dir='ltr'>duo</span> <span class='ocrx_word' id='word_1_88' title='bbox 1948 2594 2123 2655; x_wconf 87' lang='lat' dir='ltr'>litora</span> <span class='ocrx_word' id='word_1_89' title='bbox 2164 2594 2409 2673; x_wconf 71' lang='lat' dir='ltr'>campis</span> 
     </span>
    </p>
   </div>
   <div class='ocr_carea' id='block_1_10' title="bbox 625 2724 2779 3166">
    <p class='ocr_par' dir='ltr' id='par_1_10' title="bbox 625 2724 2775 2930">
     <span class='ocr_line' id='line_1_18' title="bbox 625 2724 2775 2811; baseline 0 -18"><span class='ocrx_word' id='word_1_90' title='bbox 625 2732 692 2794; x_wconf 83' lang='lat' dir='ltr'>et</span> <span class='ocrx_word' id='word_1_91' title='bbox 777 2728 1017 2811; x_wconf 83' lang='lat' dir='ltr'>Hygini</span> <span class='ocrx_word' id='word_1_92' title='bbox 1101 2726 1327 2797; x_wconf 85' lang='lat' dir='ltr'>fabula</span> <span class='ocrx_word' id='word_1_93' title='bbox 1400 2726 1573 2791; x_wconf 81' lang='lat'>191:</span> <span class='ocrx_word' id='word_1_94' title='bbox 1647 2724 1885 2792; x_wconf 83' lang='lat' dir='ltr'>Nisus.</span> <span class='ocrx_word' id='word_1_95' title='bbox 1917 2774 1931 2791; x_wconf 97' lang='lat'>.</span> <span class='ocrx_word' id='word_1_96' title='bbox 1965 2774 2024 2792; x_wconf 96' lang='lat'>..</span> <span class='ocrx_word' id='word_1_97' title='bbox 2101 2727 2169 2791; x_wconf 90' lang='lat' dir='ltr'>in</span> <span class='ocrx_word' id='word_1_98' title='bbox 2242 2726 2457 2809; x_wconf 84' lang='lat' dir='ltr'>capite</span> <span class='ocrx_word' id='word_1_99' title='bbox 2527 2728 2775 2793; x_wconf 91' lang='lat' dir='ltr'>crinem</span> 
     </span>
     <span class='ocr_line' id='line_1_19' title="bbox 625 2828 1757 2930; baseline -0.001 -19"><span class='ocrx_word' id='word_1_100' title='bbox 625 2865 1035 2930; x_wconf 86' lang='lat' dir='ltr'>purpureum</span> <span class='ocrx_word' id='word_1_101' title='bbox 1081 2844 1392 2910; x_wconf 88' lang='lat' dir='ltr'>habuisse</span> <span class='ocrx_word' id='word_1_102' title='bbox 1441 2843 1700 2911; x_wconf 89' lang='lat' dir='ltr'>dicitur.</span> <span class='ocrx_word' id='word_1_103' title='bbox 1753 2828 1757 2832; x_wconf 46' lang='grc'><strong>’</strong></span> 
     </span>
    </p>

    <p class='ocr_par' dir='ltr' id='par_1_11' title="bbox 626 2954 2779 3166">
     <span class='ocr_line' id='line_1_20' title="bbox 720 2954 2775 3046; baseline 0 -18"><span class='ocrx_word' id='word_1_104' title='bbox 720 2964 917 3043; x_wconf 84' lang='lat' dir='ltr'>Quod</span> <span class='ocrx_word' id='word_1_105' title='bbox 986 2963 1074 3029; x_wconf 86' lang='lat' dir='ltr'>ad</span> <span class='ocrx_word' id='word_1_106' title='bbox 1129 2962 1409 3029; x_wconf 83' lang='lat' dir='ltr'>Graecos</span> <span class='ocrx_word' id='word_1_107' title='bbox 1457 2963 1726 3045; x_wconf 81' lang='lat' dir='ltr'>attinet,</span> <span class='ocrx_word' id='word_1_108' title='bbox 1779 2964 2030 3046; x_wconf 86' lang='lat' dir='ltr'>primus</span> <span class='ocrx_word' id='word_1_109' title='bbox 2076 2962 2454 3029; x_wconf 87' lang='lat' dir='ltr'>conferatur</span> <span class='ocrx_word' id='word_1_110' title='bbox 2501 2954 2775 3041; x_wconf 76' lang='lat' dir='ltr'>suidas,</span> 
     </span>
     <span class='ocr_line' id='line_1_21' title="bbox 626 3080 2779 3166; baseline 0 -20"><span class='ocrx_word' id='word_1_111' title='bbox 626 3081 741 3165; x_wconf 91' lang='lat' dir='ltr'>qui</span> <span class='ocrx_word' id='word_1_112' title='bbox 787 3082 913 3147; x_wconf 90' lang='lat' dir='ltr'>sub</span> <span class='ocrx_word' id='word_1_113' title='bbox 962 3100 1118 3147; x_wconf 85' lang='lat' dir='ltr'>voce</span> <span class='ocrx_word' id='word_1_114' title='bbox 1163 3091 1301 3164; x_wconf 73' lang='grc' dir='ltr'><em>κρὲε</em></span> <span class='ocrx_word' id='word_1_115' title='bbox 1347 3080 1550 3146; x_wconf 81' lang='lat' dir='ltr'>verba</span> <span class='ocrx_word' id='word_1_116' title='bbox 1599 3082 1789 3147; x_wconf 86' lang='lat' dir='ltr'>affert</span> <span class='ocrx_word' id='word_1_117' title='bbox 1821 3082 2056 3146; x_wconf 84' lang='lat' dir='ltr'>incerti</span> <span class='ocrx_word' id='word_1_118' title='bbox 2087 3081 2411 3146; x_wconf 86' lang='lat' dir='ltr'>auctoris:</span> <span class='ocrx_word' id='word_1_119' title='bbox 2446 3094 2779 3166; x_wconf 75' lang='grc' dir='ltr'><em>πορφυρέην</em></span> 
     </span>
    </p>
   </div>
   <div class='ocr_carea' id='block_1_11' title="bbox 629 3199 2783 3521">
    <p class='ocr_par' dir='ltr' id='par_1_12' title="bbox 629 3199 2783 3521">
     <span class='ocr_line' id='line_1_22' title="bbox 632 3199 2782 3285; baseline -0.001 -19"><span class='ocrx_word' id='word_1_120' title='bbox 632 3214 816 3285; x_wconf 81' lang='grc' dir='ltr'><em>ἤμησε</em></span> <span class='ocrx_word' id='word_1_121' title='bbox 885 3214 1055 3285; x_wconf 78' lang='grc' dir='ltr'><em>κρέκα</em></span> <span class='ocrx_word' id='word_1_122' title='bbox 1127 3219 1299 3283; x_wconf 87' lang='lat' dir='ltr'>quae</span> <span class='ocrx_word' id='word_1_123' title='bbox 1368 3200 1727 3266; x_wconf 81' lang='lat' dir='ltr'>Meinekio&#39;</span> <span class='ocrx_word' id='word_1_124' title='bbox 1766 3201 1834 3265; x_wconf 89' lang='lat' dir='ltr'>et</span> <span class='ocrx_word' id='word_1_125' title='bbox 1904 3200 2312 3265; x_wconf 88' lang='lat' dir='ltr'>Bernhardio</span> <span class='ocrx_word' id='word_1_126' title='bbox 2383 3218 2461 3265; x_wconf 90' lang='lat' dir='ltr'>ex</span> <span class='ocrx_word' id='word_1_127' title='bbox 2510 3199 2782 3263; x_wconf 88' lang='lat' dir='ltr'>laudato</span> 
     </span>
     <span class='ocr_line' id='line_1_23' title="bbox 629 3315 2783 3420; baseline -0 -39"><span class='ocrx_word' id='word_1_128' title='bbox 629 3317 967 3382; x_wconf 87' lang='lat' dir='ltr'>Parthenii</span> <span class='ocrx_word' id='word_1_129' title='bbox 1038 3317 1326 3382; x_wconf 86' lang='lat' dir='ltr'>carmine</span> <span class='ocrx_word' id='word_1_130' title='bbox 1399 3318 1600 3383; x_wconf 88' lang='lat' dir='ltr'>ducta</span> <span class='ocrx_word' id='word_1_131' title='bbox 1670 3336 1810 3382; x_wconf 87' lang='lat' dir='ltr'>esse</span> <span class='ocrx_word' id='word_1_132' title='bbox 1880 3317 2304 3395; x_wconf 86' lang='lat' dir='ltr'>videbantur,</span> <span class='ocrx_word' id='word_1_133' title='bbox 2362 3315 2418 3402; x_wconf 87' lang='lat'>1)</span> <span class='ocrx_word' id='word_1_134' title='bbox 2494 3316 2580 3382; x_wconf 90' lang='lat' dir='ltr'>ab</span> <span class='ocrx_word' id='word_1_135' title='bbox 2617 3316 2783 3420; x_wconf 29' lang='lat' dir='ltr'>&#39;aliis</span> 
     </span>
     <span class='ocr_line' id='line_1_24' title="bbox 631 3434 2208 3521; baseline 0 -20"><span class='ocrx_word' id='word_1_136' title='bbox 631 3434 1016 3501; x_wconf 89' lang='lat' dir='ltr'>Callimachi</span> <span class='ocrx_word' id='word_1_137' title='bbox 1059 3442 1264 3521; x_wconf 70' lang='grc' dir='ltr'><em>Ἑκάλῃ</em></span> <span class='ocrx_word' id='word_1_138' title='bbox 1313 3437 1431 3501; x_wconf 90' lang='lat' dir='ltr'>aut</span> <span class='ocrx_word' id='word_1_139' title='bbox 1497 3446 1704 3508; x_wconf 75' lang='grc' dir='ltr'><em>Αἰτιοις</em></span> <span class='ocrx_word' id='word_1_140' title='bbox 1765 3436 2208 3517; x_wconf 84' lang='lat' dir='ltr'>assignantur.</span> 
     </span>
    </p>
   </div>
   <div class='ocr_carea' id='block_1_12' title="bbox 724 3552 2779 3637">
    <p class='ocr_par' dir='ltr' id='par_1_13' title="bbox 724 3552 2779 3637">
     <span class='ocr_line' id='line_1_25' title="bbox 724 3552 2779 3637; baseline -0 -19"><span class='ocrx_word' id='word_1_141' title='bbox 724 3553 1026 3619; x_wconf 87' lang='lat' dir='ltr'>Eundem</span> <span class='ocrx_word' id='word_1_142' title='bbox 1048 3553 1265 3636; x_wconf 90' lang='lat' dir='ltr'>capilli</span> <span class='ocrx_word' id='word_1_143' title='bbox 1290 3554 1574 3619; x_wconf 91' lang='lat' dir='ltr'>colorem</span> <span class='ocrx_word' id='word_1_144' title='bbox 1598 3555 1974 3619; x_wconf 89' lang='lat' dir='ltr'>memorant</span> <span class='ocrx_word' id='word_1_145' title='bbox 1990 3552 2431 3637; x_wconf 87' lang='lat' dir='ltr'>Apollodorus</span> <span class='ocrx_word' id='word_1_146' title='bbox 2449 3553 2559 3630; x_wconf 91' lang='lat' dir='ltr'>III,</span> <span class='ocrx_word' id='word_1_147' title='bbox 2588 3554 2694 3631; x_wconf 91' lang='lat'>15,</span> <span class='ocrx_word' id='word_1_148' title='bbox 2716 3553 2779 3616; x_wconf 87' lang='lat'>8:</span> 
     </span>
    </p>
   </div>
   <div class='ocr_carea' id='block_1_13' title="bbox 507 3662 2787 3759">
    <p class='ocr_par' dir='ltr' id='par_1_14' title="bbox 507 3662 2787 3759">
     <span class='ocr_line' id='line_1_26' title="bbox 507 3662 2787 3759; baseline -0 -24"><span class='ocrx_word' id='word_1_149' title='bbox 507 3752 517 3759; x_wconf 24' lang='grc' dir='ltr'>ἱ</span> <span class='ocrx_word' id='word_1_150' title='bbox 632 3680 816 3756; x_wconf 77' lang='grc' dir='ltr'><em>ἔχοντι</em></span> <span class='ocrx_word' id='word_1_151' title='bbox 868 3662 980 3754; x_wconf 63' lang='grc' dir='ltr'>γὰρ</span> <span class='ocrx_word' id='word_1_152' title='bbox 1037 3681 1201 3756; x_wconf 70' lang='grc' dir='ltr'>αὐτῷ</span> <span class='ocrx_word' id='word_1_153' title='bbox 1258 3684 1593 3755; x_wconf 82' lang='grc' dir='ltr'><em>πορφυρέαν</em></span> <span class='ocrx_word' id='word_1_154' title='bbox 1648 3684 1706 3737; x_wconf 77' lang='grc' dir='ltr'>ἐν</span> <span class='ocrx_word' id='word_1_155' title='bbox 1759 3683 1905 3759; x_wconf 83' lang='grc' dir='ltr'><em>μέσῃ</em></span> <span class='ocrx_word' id='word_1_156' title='bbox 1936 3688 2022 3759; x_wconf 63' lang='grc' dir='ltr'>τῇ</span> <span class='ocrx_word' id='word_1_157' title='bbox 2066 3682 2283 3757; x_wconf 82' lang='grc' dir='ltr'><em>κεφαλῇ’</em></span> <span class='ocrx_word' id='word_1_158' title='bbox 2312 3682 2483 3757; x_wconf 82' lang='grc' dir='ltr'><em>τρίχα</em></span> <span class='ocrx_word' id='word_1_159' title='bbox 2548 3672 2616 3737; x_wconf 73' lang='lat' dir='ltr'>el:</span> <span class='ocrx_word' id='word_1_160' title='bbox 2664 3671 2787 3736; x_wconf 83' lang='lat' dir='ltr'>Dio</span> 
     </span>
    </p>
   </div>
   <div class='ocr_carea' id='block_1_14' title="bbox 634 3784 2785 3875">
    <p class='ocr_par' dir='ltr' id='par_1_15' title="bbox 634 3784 2785 3875">
     <span class='ocr_line' id='line_1_27' title="bbox 634 3784 2785 3875; baseline 0.002 -25"><span class='ocrx_word' id='word_1_161' title='bbox 634 3784 1141 3870; x_wconf 84' lang='lat' dir='ltr'>Chrysostomus</span> <span class='ocrx_word' id='word_1_162' title='bbox 1204 3808 1356 3855; x_wconf 89' lang='lat' dir='ltr'>cum</span> <span class='ocrx_word' id='word_1_163' title='bbox 1429 3787 1610 3855; x_wconf 88' lang='lat' dir='ltr'>Orat.</span> <span class='ocrx_word' id='word_1_164' title='bbox 1662 3788 1862 3854; x_wconf 92' lang='lat' dir='ltr'>LXIV</span> <span class='ocrx_word' id='word_1_165' title='bbox 1910 3787 1941 3875; x_wconf 68' lang='lat'>5</span> <span class='ocrx_word' id='word_1_166' title='bbox 1992 3790 2078 3854; x_wconf 76' lang='lat'>27</span> <span class='ocrx_word' id='word_1_167' title='bbox 2131 3789 2304 3854; x_wconf 90' lang='lat' dir='ltr'>inter</span> <span class='ocrx_word' id='word_1_168' title='bbox 2348 3789 2530 3854; x_wconf 89' lang='lat' dir='ltr'>varia</span> <span class='ocrx_word' id='word_1_169' title='bbox 2577 3788 2785 3854; x_wconf 86' lang='lat' dir='ltr'>fortu-</span> 
     </span>
    </p>
   </div>
   <div class='ocr_carea' id='block_1_15' title="bbox 634 3905 2786 4107">
    <p class='ocr_par' dir='ltr' id='par_1_16' title="bbox 634 3905 2786 4107">
     <span class='ocr_line' id='line_1_28' title="bbox 635 3905 2786 3992; baseline 0 -24"><span class='ocrx_word' id='word_1_170' title='bbox 635 3922 760 3968; x_wconf 87' lang='lat' dir='ltr'>nae</span> <span class='ocrx_word' id='word_1_171' title='bbox 807 3905 983 3970; x_wconf 88' lang='lat' dir='ltr'>dona</span> <span class='ocrx_word' id='word_1_172' title='bbox 1031 3907 1230 3971; x_wconf 87' lang='lat' dir='ltr'>etiam</span> <span class='ocrx_word' id='word_1_173' title='bbox 1279 3906 1417 3972; x_wconf 91' lang='lat' dir='ltr'>Nisi</span> <span class='ocrx_word' id='word_1_174' title='bbox 1462 3918 1737 3986; x_wconf 78' lang='grc' dir='ltr'><em>πλόκαμον</em></span> <span class='ocrx_word' id='word_1_175' title='bbox 1775 3921 2115 3992; x_wconf 80' lang='grc' dir='ltr'><em>πορφυροῦν</em></span> <span class='ocrx_word' id='word_1_176' title='bbox 2147 3907 2511 3973; x_wconf 88' lang='lat' dir='ltr'>enumerat.</span> <span class='ocrx_word' id='word_1_177' title='bbox 2578 3906 2786 3971; x_wconf 94' lang='lat' dir='ltr'>Porro</span> 
     </span>
     <span class='ocr_line' id='line_1_29' title="bbox 634 4022 2785 4107; baseline 0.001 -21"><span class='ocrx_word' id='word_1_178' title='bbox 634 4022 811 4087; x_wconf 88' lang='lat' dir='ltr'>idem</span> <span class='ocrx_word' id='word_1_179' title='bbox 860 4024 1185 4089; x_wconf 86' lang='lat' dir='ltr'>testantur</span> <span class='ocrx_word' id='word_1_180' title='bbox 1232 4024 1595 4091; x_wconf 85' lang='lat' dir='ltr'>Pausanias</span> <span class='ocrx_word' id='word_1_181' title='bbox 1641 4025 1670 4089; x_wconf 96' lang='grc' dir='ltr'>Ι</span> <span class='ocrx_word' id='word_1_182' title='bbox 1726 4026 1829 4103; x_wconf 86' lang='grc'>19,</span> <span class='ocrx_word' id='word_1_183' title='bbox 1865 4025 1911 4089; x_wconf 81' lang='lat'><strong>4</strong></span> <span class='ocrx_word' id='word_1_184' title='bbox 1954 4026 2018 4090; x_wconf 87' lang='lat' dir='ltr'>et</span> <span class='ocrx_word' id='word_1_185' title='bbox 2055 4024 2415 4091; x_wconf 86' lang='lat' dir='ltr'>Eutecnius</span> <span class='ocrx_word' id='word_1_186' title='bbox 2446 4024 2785 4107; x_wconf 88' lang='lat' dir='ltr'>Sophistes</span> 
     </span>
    </p>
   </div>
   <div class='ocr_carea' id='block_1_16' title="bbox 642 4165 1069 4176">
    <p class='ocr_par' dir='ltr' id='par_1_17' title="bbox 642 4165 1069 4176">
     <span class='ocr_line' id='line_1_30' title="bbox 642 4165 1069 4176; baseline 0 0"><span class='ocrx_word' id='word_1_187' title='bbox 642 4165 1069 4176; x_wconf 95' lang='lat' dir='ltr'> </span> 
     </span>
    </p>
   </div>
   <div class='ocr_carea' id='block_1_17' title="bbox 711 4215 1801 4289">
    <p class='ocr_par' dir='ltr' id='par_1_18' title="bbox 711 4215 1801 4289">
     <span class='ocr_line' id='line_1_31' title="bbox 711 4215 1801 4289; baseline 0.004 -19"><span class='ocrx_word' id='word_1_188' title='bbox 711 4217 747 4283; x_wconf 87' lang='lat'>¹)</span> <span class='ocrx_word' id='word_1_189' title='bbox 785 4215 869 4270; x_wconf 84' lang='lat' dir='ltr'>cf.</span> <span class='ocrx_word' id='word_1_190' title='bbox 894 4216 1159 4276; x_wconf 72' lang='lat' dir='ltr'>,Meineke</span> <span class='ocrx_word' id='word_1_191' title='bbox 1196 4217 1351 4271; x_wconf 86' lang='lat' dir='ltr'>Anal.</span> <span class='ocrx_word' id='word_1_192' title='bbox 1387 4216 1540 4271; x_wconf 85' lang='lat' dir='ltr'>Alex.</span> <span class='ocrx_word' id='word_1_193' title='bbox 1577 4235 1628 4289; x_wconf 88' lang='lat' dir='ltr'>p.</span> <span class='ocrx_word' id='word_1_194' title='bbox 1665 4217 1801 4275; x_wconf 75' lang='lat'>271.</span> 
     </span>
    </p>
   </div>
  </div>
 </body>
</html>
