3392 5292
1632 579 1717 645 57

605 794 855 877 qaalis;
919 813 1098 860 carm
1164 795 1285 859 66:
1354 813 1445 859 νε.
1505 796 1525 858 1
1590 814 1682 875 sq.
1737 796 1880 876 qui,
1933 814 2004 858 νε
2081 797 2118 858 3
2169 815 2305 877 sqq.
2361 802 2468 873 nt,
2521 815 2610 859 vs.
2663 796 2748 861 27

606 932 698 995 sq.
752 932 893 995 quo.

696 1030 993 1114 Denique
1056 1030 1383 1095 rhetorem
1447 1030 1715 1112 sapiunt
1776 1031 2192 1095 assonantiae
2254 1030 2436 1108 illae,
2511 1031 2752 1116 quibus

601 1150 983 1231 praesertim
1031 1168 1294 1213 carmen
1347 1147 1435 1212 64
1482 1147 1794 1212 refertum
1842 1150 1958 1212 est.
2041 1150 2128 1213 Ut
2177 1150 2403 1231 paucis
2449 1170 2569 1232 pro
2603 1150 2750 1213 mil-

602 1267 772 1331 libus
843 1267 1163 1348 defungar
1232 1266 1578 1350 exemplis,
1652 1265 1949 1331 conteras
2022 1287 2112 1331 νε.
2181 1268 2268 1332 28
2293 1252 2298 1255 ’
2323 1269 2487 1333 Tene
2537 1267 2751 1334 Thetis

603 1386 805 1451 tenuit
852 1388 968 1452 etc.
993 1438 1007 1463 ,
1063 1406 1149 1450 νε.
1207 1386 1292 1449 92
1346 1405 1535 1467 qnam
1574 1389 1796 1450 cuncto
1826 1386 2101 1467 concepit
2132 1406 2383 1467 corpore
2404 1386 2747 1468 flammam,

602 1525 695 1570 VS.
754 1506 876 1570 101
935 1523 1079 1569 cam
1123 1522 1369 1569 saevom
1416 1502 1674 1585 capiens
1714 1507 1936 1568 contra
1982 1504 2348 1569 contendere
2378 1511 2746 1586 monstrum,

599 1642 685 1689 νε.
733 1624 862 1687 188
899 1622 1303 1706 lanquescent
1336 1620 1583 1687 lumina
1604 1624 1835 1700 morte,
1865 1640 1958 1688 νε.
2003 1622 2134 1687 194
2159 1622 2344 1703 frons
2365 1625 2750 1706 exsprrantis

594 1746 964 1826 praeportat
1002 1740 1272 1823 pectorc's
1315 1740 1466 1817 iras,
1522 1760 1614 1805 νε.
1670 1742 1802 1805 309
1845 1741 2114 1806 Annoso
2145 1742 2362 1807 niveae
2394 1741 2752 1809 residebant

599 1862 823 1927 vertice
868 1862 1059 1926 vittae
1077 1910 1093 1940 ‚
1146 1859 1293 1925 alia.

692 1979 1118 2045 Alexandrini
1167 1980 1308 2044 aevi
1355 1979 1583 2061 poetas
1632 1964 1944 2043 versuufn
1976 1978 2484 2061 spondiacorum
2521 1979 2747 2061 capta-

602 2100 778 2164 tione
847 2098 1134 2179 insignes
1207 2096 1423 2177 fuisse‚
1497 2097 1800 2180 interque
1870 2098 2098 2179 poetas
2145 2096 2416 2161 Latinos
2461 2090 2747 2162 maxime

598 2215 935 2282 Catullum
983 2216 1051 2280 in
1100 2214 1520 2298 epithalamio
1566 2215 1689 2279 hos
1732 2233 1956 2280 versus
1989 2214 2345 2293 admisisse,
2373 2216 2515 2300 jam
2546 2235 2746 2299 supra

595 2354 743 2417 pag.
794 2334 882 2399 42
934 2353 1075 2417 sqq.
1126 2333 1424 2417 pluribus
1467 2334 1681 2398 verbis
1730 2334 2014 2416 exposui.

687 2453 864 2518 Haec
915 2454 1137 2517 autem
1186 2452 1407 2518 omnia
1456 2452 1652 2535 plane
1692 2452 1760 2515 in
1811 2450 1990 2517 Cirin
2031 2451 2294 2530 cadunt,
2334 2455 2409 2517 ut
2441 2453 2745 2537 deinceps

596 2570 1079 2635 demonstrabO.

686 2689 901 2756 Etiam
933 2690 1164 2755 auctor
1194 2690 1417 2753 noster
1446 2688 1894 2754 narrationem
1923 2688 2280 2771 mythicam
2326 2689 2484 2753 satis
2521 2691 2742 2772 cogni-

592 2809 730 2873 tam
775 2809 1189 2874 tractandam
1235 2808 1360 2873 sibi
1408 2827 1676 2872 sumens
1724 2807 2094 2891 complures
2141 2826 2244 2871 res
2291 2807 2559 2872 maximi
2597 2827 2740 2872 mo-

590 2927 793 2991 menti
839 2927 1246 3010 paucissimis
1292 2926 1589 2991 absolvit.
1665 2926 2093 3009 ExpectareS,
2145 2925 2218 2989 ut
2266 2926 2440 2990 recte
2474 2924 2626 2991 Chr.
2664 2925 2738 2991 G.

590 3043 844 3128 Heyne-
873 3045 1014 3130 jam
1078 3046 1335 3111 monuit
1396 3064 1545 3129 pag.
1622 3045 1789 3123 129,
1875 3045 1978 3110 nin
2035 3045 2247 3127 primo
2297 3044 2536 3139 Minois
2580 3064 2738 3109 con-

588 3164 847 3245 specta,
923 3164 991 3228 in
1062 3164 1364 3248 pactione
1434 3183 1587 3230 cum
1661 3183 1738 3228 eo
1805 3164 2176 3241 sancienda,
2243 3164 2309 3228 in
2367 3182 2558 3228 coma
2601 3164 2742 3229 Nisi

588 3281 973 3359 resecanda,
1043 3282 1402 3362 tradenda,
1455 3284 1520 3348 et
1566 3284 1697 3348 fide
1745 3283 1977 3349 Minois
2029 3302 2106 3347 ex
2156 3283 2540 3348 condicione
2587 3302 2741 3366 pac-

587 3397 781 3462 tionis
827 3399 1176 3482 exigenda‚
1220 3403 1484 3483 poetam
1519 3401 1866 3479 disertum,
1908 3402 2246 3485 copiosum
2281 3403 2346 3465 et
2369 3400 2736 3467 ornatum'’.

585 3514 714 3580 Sed
773 3517 917 3581 „vix
964 3518 1164 3583 verbo
1199 3520 1587 3584 memoravit
1616 3519 1782 3585 haec
1817 3518 2110 3597 omnia”,
2157 3518 2234 3584 cf.
2273 3541 2364 3586 vs.
2408 3522 2560 3600 132,
2605 3520 2732 3585 172

583 3653 720 3716 sq.,
789 3654 880 3700 νε.
954 3636 1119 3717 187,
1186 3656 1280 3702 νε.
1356 3640 1763 3721 387-389,
1825 3659 1919 3705 νε.
1983 3638 2144 3703 414.
2243 3638 2492 3705 Contra
2555 3658 2736 3703 com-

582 3752 802 3835 plures
852 3753 961 3819 alii
1008 3756 1133 3821 loci
1180 3758 1369 3838 sunt,
1421 3758 1536 3823 uhi
1577 3758 1834 3839 ingrata
1865 3758 2055 3840 copia
2088 3759 2287 3840 atque
2327 3756 2738 3822 abundantia

583 3890 741 3935 usus
808 3874 941 3953 est,
1007 3876 1122 3940 aut
1184 3875 1514 3940 orationes
1578 3876 1775 3959 plane
1841 3875 2198 3941 rhetoricas
2255 3876 2511 3957 fingens
2559 3873 2737 3962 (vide

581 3991 981 4075 colloquium
1031 3992 1283 4076 Scyllae
1332 4014 1484 4058 cum
1533 3995 1786 4060 nutrice
1835 4015 1926 4060 νε.
1969 3996 2178 4060 286-
2206 3995 2338 4059 339
2375 3995 2439 4059 et
2470 3995 2737 4077 virginis

579 4110 904 4191 querellas
952 4131 1043 4176 νε.
1080 4110 1479 4196 404—458)
1516 4114 1633 4178 aut
1663 4114 1928 4179 rarioris
1959 4114 2295 4179 doctrinae
2328 4113 2736 4179 emblematis

578 4229 941 4293 orationem
1007 4231 1331 4313 perpolire
1396 4232 1689 4299 studenS.
1788 4232 2052 4298 Talium
2115 4233 2340 4297 autem
2389 4230 2733 4313 digressio-
