3392 5292
1732 552 1822 617 56

702 769 1231 855 Interjectionem
1278 789 1313 835 o
1360 766 1708 851 quinquies
1756 765 1981 849 (carm.
2034 764 2123 829 64
2171 783 2264 829 νε.
2319 763 2444 842 22,
2499 763 2621 841 23,
2679 762 2848 839 323;

702 909 905 956 carm.
982 890 1069 954 66
1142 908 1230 953 νε.
1310 888 1439 967 39,
1505 886 1651 969 87),
1721 906 1764 950 a
1825 884 2063 968 quater
2128 882 2354 966 (carm.
2423 881 2512 946 64
2578 900 2673 946 νε.
2727 881 2849 959 71,

707 1009 878 1087 135,
936 1008 1103 1087 178;
1156 1025 1357 1071 carm.
1413 1004 1500 1069 66
1552 1023 1642 1069 νε.
1694 1000 1813 1091 85)
1847 1002 2155 1081 inseruit,
2191 1002 2532 1084 praeterea
2565 999 2855 1063 carmine

703 1127 792 1192 64
841 1127 994 1193 eheu
1045 1124 1164 1213 (νε.
1218 1124 1371 1209 64),
1422 1122 1542 1189 heu
1592 1120 1721 1209 (vs.
1773 1121 1926 1206 94),
1977 1141 2091 1187 vae
2141 1118 2259 1207 (vs.
2321 1119 2500 1204 196),
2553 1119 2618 1183 et
2667 1117 2855 1183 euhoe

704 1246 817 1331 (vs.
872 1244 1037 1329 255)
1085 1244 1426 1310 adhibens·

797 1361 946 1426 Huc
1015 1358 1258 1424 referas
1328 1358 1526 1423 etiam
1599 1357 2153 1441 metonymiarum
2201 1374 2396 1420 usum
2443 1353 2812 1420 liberiorem
2835 1403 2851 1433 ‚

702 1496 1027 1561 quarum,
1077 1478 1153 1541 ut
1198 1474 1345 1541 illas
1394 1476 1574 1558 apud
1622 1474 1786 1540 alios
1833 1493 2099 1558 quoque
2147 1473 2606 1539 usitatissimas
2652 1472 2855 1538 veluti

696 1596 894 1679 pinus
955 1614 1077 1678 pro
1123 1614 1317 1673 nave,
1370 1591 1484 1657 lux
1529 1612 1650 1675 pro
1698 1592 1824 1671 die,
1876 1591 2088 1657 Indus
2133 1591 2289 1657 dens
2335 1611 2456 1675 pro
2505 1592 2680 1658 ebore
2726 1589 2854 1657 alia

702 1715 1036 1792 omittam,
1088 1713 1213 1780 hae
1263 1712 1540 1778 rariores
1589 1712 1959 1776 memoratu
2009 1711 2244 1793 dignae
2293 1712 2482 1776 sunt:
2534 1729 2734 1776 carm.
2765 1711 2853 1775 64

702 1852 790 1899 νε.
870 1835 908 1899 3
984 1833 1266 1917 Arqivae
1332 1830 1562 1897 robora
1626 1830 1815 1913 pubis
1863 1849 1983 1914 pro
2030 1829 2275 1895 robusti
2319 1830 2554 1914 Arqivi
2583 1831 2854 1913 juvenes

700 1970 793 2016 νε.
871 1951 911 2014 9
986 1968 1222 2014 currus
1290 1966 1410 2030 pro
1482 1946 1698 2025 navis,
1768 1965 1859 2011 νε.
1919 1947 2050 2011 162
2101 1945 2380 2012 candida
2424 1950 2688 2033 vestiqia
2734 1969 2853 2032 pro

701 2067 963 2135 candidi
1000 2066 1191 2149 pedes
1212 2116 1227 2146 ,
1281 2085 1368 2132 νε.
1424 2066 1560 2131 226
1608 2064 1910 2131 incendia
1951 2069 2209 2131 nostrae
2253 2068 2482 2132 mentis
2500 2116 2515 2147 ,
2569 2088 2655 2132 vs.
2716 2070 2848 2133 232

699 2208 813 2253 neo
881 2185 1019 2252 ulla
1066 2184 1372 2250 oblitteret
1418 2190 1595 2250 aetas
1641 2203 1762 2268 pro
1809 2204 1924 2249 nec
1967 2188 2041 2249 tu
2087 2183 2226 2250 ulla
2271 2189 2475 2251 aetate
2520 2186 2851 2254 oblitteres.

792 2302 1000 2368 Porro
1049 2303 1443 2369 rhetoricam
1488 2302 1783 2369 scholam
1815 2303 2112 2368 redolent
2143 2322 2259 2369 eae
2292 2304 2551 2396 dicendi
2582 2305 2848 2387 figurae,

700 2440 871 2505 quae
935 2421 1001 2485 in
1067 2421 1449 2505 repetitione
1494 2421 1850 2487 verborum
1896 2423 2262 2489 versantur.
2361 2423 2507 2488 Huc
2538 2424 2855 2506 imprimis
2927 2425 2931 2428 ’

701 2540 833 2604 duo
865 2558 1106 2621 genera
1137 2540 1461 2623 pertinere
1494 2540 1687 2622 put0,
1723 2540 2164 2623 anadiplosin,
2204 2560 2376 2624 quae
2411 2543 2508 2606 est
2541 2541 2856 2609 continua

700 2659 995 2743 ejusdem
1068 2659 1274 2737 vocis,
1351 2661 1469 2725 aut
1518 2677 1653 2723 uno
1702 2658 1805 2723 vel
1853 2658 2153 2741 pluribus
2201 2660 2415 2725 verbis
2463 2661 2851 2746 interjectiS,

699 2778 996 2860 repetitio
1068 2778 1137 2843 in
1210 2778 1441 2843 eadem
1505 2777 1862 2855 sententia,
1927 2778 1992 2842 et
2039 2778 2449 2860 anaphoram
2472 2827 2487 2858 ,
2538 2799 2710 2861 quae
2759 2783 2855 2846 est

698 2898 997 2980 repetitio
1064 2897 1473 2979 singulorum
1538 2895 1894 2961 verborum
1957 2896 2043 2960 ab
2107 2896 2293 2961 initio
2360 2897 2643 2962 duarum
2704 2900 2852 2982 plu-

702 3015 954 3081 riumve
1016 3016 1323 3097 deinceps
1370 3015 1864 3081 sententiarum.
1964 3015 2208 3081 Prioris
2255 3017 2508 3097 generis
2557 3017 2854 3100 exempla

700 3132 905 3197 habes
953 3134 1020 3196 in
1070 3152 1269 3197 carm.
1323 3131 1447 3197 64:
1500 3152 1573 3196 νε
1645 3133 1735 3197 24
1784 3152 1924 3212 υοε,
1977 3152 2070 3199 νε.
2123 3133 2203 3198 61
2247 3134 2586 3217 prospicit,
2637 3155 2722 3200 νε.
2765 3136 2851 3199 68

698 3271 896 3334 neque
950 3256 1124 3327 tum,
1190 3270 1284 3316 vs,
1337 3252 1423 3315 70
1474 3256 1628 3329 toto,
1702 3271 1791 3317 vs.
1853 3252 1982 3317 132
2022 3251 2301 3335 perfide,
2354 3273 2449 3318 νε.
2505 3253 2634 3318 143
2685 3254 2850 3329 iam,

700 3390 793 3435 vs.
867 3370 997 3435 195
1063 3369 1215 3447 bue,
1284 3388 1377 3436 νε.
1445 3370 1584 3434 274
1639 3370 1880 3454 magis,
1931 3389 2024 3435 νε.
2073 3371 2208 3434 285
2262 3372 2516 3453 Tempe,
2570 3391 2664 3436 νε.
2719 3372 2843 3436 321

700 3489 1014 3568 carmine,
1081 3488 1149 3552 in
1213 3506 1411 3556 carm.
1468 3488 1594 3552 66:
1645 3508 1737 3553 νε.
1794 3489 1879 3553 39
1928 3489 2170 3567 invita,
2221 3508 2312 3554 νε.
2366 3490 2454 3554 75
2503 3489 2684 3571 afore
2727 3509 2846 3566 me,

699 3626 789 3673 νε.
846 3608 932 3673 87
983 3627 1240 3689 semper.
2285 3616 2290 3621 '

794 3725 1193 3809 Anaphorae
1229 3724 1527 3807 exempla
1558 3725 1722 3790 haec
1756 3724 2051 3803 exstant,
2089 3742 2288 3789 carm.
2317 3724 2442 3789 64:
2471 3742 2564 3789 νε.
2597 3725 2679 3788 19
2709 3744 2846 3808 sqq.

703 3847 873 3919 tum,
925 3862 1017 3908 νε.
1074 3844 1162 3908 23
1213 3861 1309 3926 sq.
1360 3842 1623 3921 salvete,
1658 3862 1756 3907 νε.
1791 3843 1878 3907 28
1916 3862 2012 3926 sq.
2048 3847 2217 3923 tene,
2260 3862 2352 3907 νε.
2397 3844 2481 3907 39
2517 3862 2654 3927 sqq.
2693 3864 2849 3925 non,

702 3980 790 4025 νε.
849 3962 935 4026 63
986 3980 1123 4043 sqq.
1178 3980 1340 4038 non,
1389 3980 1482 4027 vs.
1527 3960 1657 4025 146
1694 3960 1826 4042 nil,
1861 3982 1952 4027 νε.
1998 3962 2127 4026 186
2163 3981 2258 4043 sq.
2295 3961 2480 4027 nulla
2511 3963 2576 4026 et
2605 3962 2848 4041 omnia,

702 4098 795 4145 νε.
848 4080 982 4143 215
1033 4097 1174 4161 sqq.
1222 4083 1447 4162 quate,
1500 4097 1591 4144 νε.
1644 4080 1779 4144 256
1830 4099 1968 4163 sqq.
2016 4100 2210 4162 pars,
2245 4099 2340 4144 νε.
2380 4081 2512 4145 312
2549 4100 2647 4162 sq.
2683 4086 2850 4156 tum,

701 4216 791 4264 νε.
851 4197 983 4262 328
1035 4216 1131 4279 sq.
1194 4196 1517 4277 adveniet,
1567 4216 1662 4262 νε.
1718 4197 1852 4263 334
1902 4218 1999 4282 sq.
2041 4198 2263 4265 nullus
2289 4200 2352 4265 et
2379 4199 2564 4277 talis,
2593 4218 2682 4263 νε.
2717 4200 2849 4264 336

3023 5250 3362 5291 ἿἮἯἿ
