3392 5292
1644 572 1731 637 74

607 788 871 855 limachi
918 788 1149 871 fragm.
1201 788 1513 857 CCXVIII
1562 788 1850 867 imitanS,
1902 800 2224 872 ἀνακτορίην
2268 799 2416 873 ἔχειν
2458 808 2579 871 pro
2603 803 2762 855 ἀνάσ-

608 941 723 978 σειν
744 959 759 985 ,
812 928 899 973 Vs.
956 909 995 973 2
1048 918 1360 995 ἀγχίγαμος·
1408 927 1528 990 pro
1577 919 1762 989 ὡραία
1800 919 1982 989 γάμου
2003 959 2018 984 ,
2066 924 2158 969 VS.
2201 905 2246 970 4
2295 915 2548 989 μιγνύναι
2591 917 2766 989 ἔρωτι

609 1041 783 1112 γάμον
834 1045 954 1109 pro
1001 1039 1174 1093 ποιεῖν
1215 1039 1389 1111 γάμον
1438 1026 1505 1090 et
1549 1044 1643 1089 VS.
1700 1025 1740 1088 5
1793 1035 2054 1096 ὑδατόεις
2094 1038 2276 1107 γάμος
2307 1042 2427 1105 pro
2461 1023 2766 1106 conjugio

609 1164 762 1209 cum
809 1143 1082 1209 flumine
1128 1144 1309 1209 dixit.
1385 1142 1531 1208 Huc
1578 1143 1830 1208 accedit
1875 1143 2055 1225 quod
2103 1140 2299 1219 vs.-3‚
2348 1141 2421 1205 ut
2474 1142 2768 1206 Meineke

610 1264 747 1346 ipse
811 1263 1092 1340 monuit,
1162 1276 1382 1345 πυρσὸν
1448 1261 1729 1343 figurate
1793 1262 1875 1325 de
1938 1261 2179 1325 amoris
2227 1261 2466 1325 ardore
2511 1259 2763 1324 intelle-

610 1380 897 1462 gendum
964 1386 1097 1458 est,
1163 1379 1286 1443 nisi
1351 1398 1499 1444 cum
1558 1379 1792 1444 eodem
1839 1378 1979 1444 sine
2025 1379 2264 1444 idonea
2310 1397 2511 1444 causa
2558 1378 2763 1463 conji-

608 1517 787 1564 ceres
844 1497 1315 1563 „Parthenium
1360 1496 1687 1561 infelicem
1736 1497 2052 1578 virginem
2100 1497 2365 1561 Veneris
2397 1497 2764 1562 sacerdotio

611 1615 993 1697 fungentem
1040 1612 1365 1680 finxisse.”
1461 1614 1654 1679 Prius
1701 1615 1926 1680 autem
1974 1616 2027 1679 si
2077 1634 2305 1680 verum
2354 1618 2486 1693 est,
2537 1634 2758 1689 nem0,

611 1735 686 1801 ut
734 1735 988 1817 opinor,
1038 1735 1361 1817 figuratae
1408 1735 1708 1799 dictionis
1756 1734 2101 1799 audaciam
2149 1734 2432 1814 negabit.

704 1853 916 1919 Paulo
965 1854 1185 1918 minus
1230 1853 1526 1935 quaesita
1576 1853 1976 1917 obscuritate
2024 1851 2281 1916 laborat
2320 1851 2762 1933 fragmentum

613 1971 931 2047 alterum,
982 1972 1163 2054 quod
1209 1970 1466 2037 Narrat.
1519 1971 1736 2036 Amat.
1791 1970 2003 2036 C..XI
2051 1971 2145 2064 ita
2192 1970 2462 2065 legitur:

823 2124 905 2181 ‘H
938 2120 1089 2182 δ’ὅτε
1128 2128 1197 2200 δὴ
1241 2126 1429 2181 ὀλοοῖο
1470 2130 1796 2199 κασιγνήτου
1843 2130 1964 2182 νόον
2004 2126 2177 2199 ἔγνω,

828 2228 1007 2282 κλαῖεν
1045 2228 1347 2300 ἀηδονίδων
1392 2232 1796 2300 θαμινώτερον,
1834 2225 1935 2285 αἴτ’
1985 2225 2064 2283 ἐνὶ
2102 2229 2321 2303 βήσσῃς

826 2328 1052 2402 Σιθονίῳ
1098 2332 1282 2403 κοόρῳ
1312 2331 1442 2401 πέρι
1480 2330 1681 2402 μυρίον
1723 2329 2026 2392 αἰάζουσιν·

825 2430 924 2484 καί
950 2433 1031 2501 ῥα
1067 2431 1204 2486 κατὰ
1242 2433 1547 2503 στυφελοῖο
1592 2434 1910 2504 σαρωνίὸος
1950 2434 2143 2489 αὐτίκα
2181 2437 2379 2509 μίτρην

829 2534 1085 2604 ἁψαμένη
1130 2533 1318 2606 δειρὴν
1360 2533 1667 2606 ἐνεθήκατο·
1709 2532 1797 2591 ταὶ
1837 2532 1888 2589 δ’
1930 2532 2008 2590 ἐπ’
2021 2566 2024 2569 <
2049 2538 2222 2612 ἐκείνῃ

827 2632 1037 2702 βεύδεα
1077 2632 1394 2705 παρθενικαὶ
1434 2634 1733 2708 Μιλησίδες
1775 2637 2106 2710 ἐρρήξαντο.

584 2790 591 2795 ’
704 2797 927 2862 Primo
976 2798 1152 2862 enim
1202 2799 1471 2880 aspectu
1522 2798 1588 2863 in
1646 2799 1876 2880 aperto
1920 2817 2057 2862 non
2090 2799 2188 2863 est
2219 2800 2558 2863 auctorem
2591 2818 2682 2864 vs,
2721 2800 2760 2863 3

613 2916 761 2998 Ityn
810 2916 1021 2979 dicere
1068 2935 1282 2998 neque
1330 2936 1483 2981 eum
1532 2936 1622 2979 vs.
1671 2916 1718 2980 4
1751 2927 1997 2999 σαρωνίς
2030 2935 2149 2998 pro
2176 2931 2323 3000 δρῦς
2354 2918 2553 2999 atque
2589 2936 2679 2980 vs.
2720 2916 2760 2981 6

612 3045 822 3115 βεύδεα
868 3054 988 3117 pro
1049 3046 1258 3101 ποικίλα
1296 3050 1331 3118 ἢ
1373 3052 1652 3117 πορφυρᾶ
1690 3046 1881 3113 ἱμάτια
1943 3034 2196 3099 dinSSe.
2266 3036 2360 3099 AC
2392 3054 2592 3118 quem
2621 3053 2758 3099 non

612 3150 900 3216 offendit·
933 3150 1297 3226 anfractuS,
1349 3171 1483 3234 quo
1518 3152 1727 3216 oratio
1763 3171 1849 3215 vs,
1887 3152 1932 3217 4
1965 3172 2058 3235 sq.
2099 3153 2200 3217 est
2230 3153 2760 3234 circumscripta?

614 3268 801 3348 Quae
849 3287 999 3333 cum
1039 3269 1271 3357 ¹omnia
1303 3270 1689 3352 perpendo,
1739 3289 2010 3352 prorsus
2051 3290 2186 3335 non
2217 3272 2555 3352 intellegO,
2591 3289 2758 3353 quo-

612 3388 810 3451 modo
860 3387 1150 3452 Meineke
1198 3387 1339 3470 ejus
1386 3386 1688 3452 dictionis
1737 3388 2062 3454 rationem
2109 3389 2468 3471 simplicem
2516 3386 2759 3453 habere

614 3505 919 3588 potuerit.

707 3624 885 3689 Haec
956 3622 1088 3688 fere
1159 3616 1346 3702 sunt,
1416 3643 1587 3707 quae
1650 3626 1952 3691 auctores
2001 3624 2229 3689 Graeci
2276 3625 2358 3689 de
2404 3624 2762 3689 Parthenio

614 3742 839 3806 nostro
918 3742 1350 3807 tradiderunt.
1446 3742 1723 3807 Poetam
1793 3762 1941 3807 cum
2015 3742 2277 3824 ingenio
2350 3744 2494 3808 tum
2563 3743 2763 3808 etiam

616 3858 914 3923 doctrina
994 3859 1451 3935 excellentem,
1538 3879 1689 3924 cum
1770 3862 2023 3926 Romae
2103 3861 2396 3943 degeret,
2473 3861 2760 3955 virorum

611 3975 964 4041 illustrium
1033 3977 1257 4042 oculos
1327 3979 1413 4042 ad
1480 3998 1550 4043 se
1615 3979 1881 4043 vertisse
1929 3998 2288 4062 eorumque
2335 3980 2591 4044 animos
2638 3979 2762 4044 sibi

614 4094 1089 4174 conciliavisse,
1183 4115 1298 4178 per
1386 4115 1456 4160 se
1534 4097 1937 4179 intelligitur.
2060 4099 2396 4179 Quantam
2475 4098 2762 4163 auctori-

512 4215 514 4219 ’
615 4212 819 4299 tatem
892 4214 1115 4278 autem
1187 4216 1367 4297 apud
1437 4234 1548 4280 eos
1619 4215 1956 4294 habuerit,
2031 4216 2217 4283 facile
2278 4218 2656 4301 apparebit,
2708 4216 2764 4283 si
