3392 5292
1591 608 1670 671 21

564 820 746 886 fatali
815 820 1054 885 amisso
1125 823 1340 905 ipsum
1403 840 1474 887 se
1522 822 1955 905 interfecisse,
2006 825 2137 892 fab.
2179 828 2323 893 -198
2377 830 2457 894 de
2508 830 2714 914 hujus

566 938 1140 1004 transformatione
1211 958 1364 1005 cum
1432 940 1661 1007 nostro
1734 941 1930 1025 plane
1978 946 2311 1025 congruit,
2367 946 2449 1011 de
2498 948 2714 1032 Scylla

563 1076 720 1122 vero
769 1056 1115 1139 discrepat.
1192 1056 1393 1123 „Filia
1413 1104 1429 1137 ,
1479 1057 1729 1142 inquit,
1780 1061 2125 1145 (conversa
2174 1062 2298 1147 est)
2328 1064 2397 1130 in
2428 1065 2708 1147 piscem,

564 1173 727 1239 cirin
805 1193 1006 1258 quem
1080 1173 1355 1240 vocant”
1429 1172 1509 1262 ¹).
1612 1176 2057 1261 „Hodieque”,
2135 1181 2227 1246 ita
2297 1184 2542 1265 pergit,
2626 1170 2717 1249 „si

563 1290 832 1374 quando
912 1310 990 1355 ea
1080 1290 1216 1355 avis
1303 1310 1456 1355 eum
1541 1293 1787 1375 piscem
1856 1296 2199 1363 natantem
2270 1304 2709 1384 conspexerit,

563 1409 766 1473 mittit
811 1427 881 1473 se
928 1409 997 1473 in
1047 1428 1291 1491 aquam
1323 1410 1722 1493 raptumque
1753 1414 2089 1494 unguibus
2121 1416 2453 1485 dilaniat''.
2496 1418 2713 1499 Quam

565 1526 949 1592 varietatem
1008 1526 1395 1609 scriptorem
1460 1526 1626 1594 Ciris
1672 1549 1940 1613 quoque
1985 1533 2245 1599 novisse
2293 1554 2371 1599 ex
2420 1537 2714 1603 versibus

564 1645 702 1710 484
750 1664 891 1728 sqq.
942 1664 1144 1728 supra
1189 1646 1473 1712 laudatis
1520 1647 1679 1712 satis
1726 1649 2006 1717 constat.

657 1763 785 1828 Sed
837 1762 949 1827 alii
994 1764 1229 1846 poetae
1279 1762 1572 1829 fabulam
1621 1765 1812 1832 aliter
1861 1768 2344 1848 tractaverunt,
2397 1774 2471 1836 ut
2503 1772 2711 1839 Scho-

560 1881 779 1945 liastes
848 1882 935 1947 ad
1003 1880 1207 1963 Eurip
1253 1881 1518 1965 Hippol.
1579 1883 1756 1948 1190
1809 1885 2033 1951 docet:
2086 1899 2400 1953 ἐκπεσοῦσα
2435 1898 2501 1953 δὲ
2537 1899 2596 1953 ἐν
2630 1904 2710 1974 τῇ·

565 1995 813 2070 θαλάσσῃ
879 1992 992 2049 καὶ
1056 1996 1317 2068 θηρίον
1403 2000 1785 2071 γενομένη,
1854 2003 1951 2071 τὴν
2028 1998 2167 2054 ἰδίαν
2221 1999 2389 2071 φύσιν
2442 1997 2713 2067 οὐδαμῶς

561 2113 875 2182 μετέβαλεν.
961 2100 1147 2179 Quae
1208 2122 1559 2187 compares
1630 2123 1785 2169 cum
1832 2106 1910 2169 iis
1956 2125 2128 2187 quae
2174 2106 2484 2187 leguntur
2531 2106 2711 2189 apud

564 2221 848 2286 Tzetzen
920 2221 1007 2286 ad
1075 2221 1397 2303 Lycophr.
1477 2222 1649 2300 650,
1724 2221 1838 2286 ubi
1911 2223 2048 2287 Nisi
2096 2223 2233 2288 filia
2281 2223 2712 2289 confunditur

563 2357 716 2402 cum
764 2337 986 2421 puella
1032 2358 1073 2403 a
1121 2338 1429 2421 Neptuno
1478 2357 1853 2422 compressa
1885 2341 2164 2423 ideoque
2196 2341 2281 2406 ab
2315 2342 2710 2425 Amphitrite

563 2457 630 2520 in
718 2456 1090 2520 monstrum
1179 2455 1453 2519 mutata.
1577 2455 1823 2520 Extant
1893 2456 2071 2520 enim
2144 2456 2342 2522 haec:
2408 2467 2593 2524 ’Ἄλλοι
2646 2470 2713 2523 δέ

563 2590 702 2643 φασι
770 2572 999 2643 γυναῖκα
1068 2568 1270 2642 ταύτην
1337 2568 1474 2624 εἶναι
1537 2568 1812 2642 εὐπρεπῆ,
1880 2572 1943 2643 ἣν
2011 2572 2344 2643 μισγομένην
2401 2571 2713 2626 Ποσειδῶνι

562 2676 771 2745 γνοῦσα
794 2668 1112 2744 Ἀμφιτρίτη
1149 2671 1374 2740 ἐνέβαλε
1411 2673 1677 2742 φάρμακα
1721 2676 1806 2747 τῃ*
1838 2675 1995 2746 πηγῇ
1999 2714 2015 2737 ,
2048 2668 2223 2743 ἐφ’ἦς·
2238 2670 2475 2746 εἶώθειὴ
2497 2671 2710 2727 Σκύλλα

562 2792 823 2857 λοῦσθαι,
862 2787 948 2844 καὶ
983 2788 1366 2861 ἀπεθηρίωσεν
1404 2788 1575 2861 αὐτὴν
1611 2788 1697 2850 εἰς·
1730 2788 1941 2861 θηρίον,
1980 2788 2047 2849 ἓξ
2082 2790 2328 2860 κεφαλὰς
2363 2789 2492 2863 ἔχον
2523 2809 2570 2842 κ.
2589 2810 2639 2843 τ.
2659 2789 2706 2844 λ.
2795 2764 2803 2773 ⁸

561 2895 855 2960 Eandem
925 2894 1058 2959 fere
1128 2894 1574 2980 narrationem
1648 2893 1814 2959 Ciris
1885 2893 2271 2977 scriptorem
2341 2894 2423 2959 de
2492 2894 2710 2977 Scylla

559 3013 908 3078 Homerica
954 3012 1213 3078 tradere
1261 3032 1335 3077 vs
1387 3012 1474 3077 70
1509 3030 1646 3094 sqq.
1679 3011 1822 3095 jam
1854 3030 2057 3095 supra
2088 3012 2373 3078 vidimus
2404 3031 2550 3095 pag.
2599 3015 2704 3079 11.

651 3130 1032 3197 Praeterea
1090 3130 1462 3212 complures
1547 3130 1784 3212 poetae
1858 3130 2144 3214 Scyllam
2213 3132 2544 3208 nostram,
2634 3132 2708 3196 ut

558 3269 758 3333 supra
821 3250 960 3334 Jam
1032 3249 1420 3326 memoravi,
1499 3267 1652 3313 cum
1727 3246 2089 3315 Crataeidis
2135 3248 2272 3315 filia
2318 3248 2669 3314 confudere
2686 3297 2702 3325 ,

629 3484 666 3545 ¹)
718 3479 892 3549 Quem
945 3481 1216 3534 auctorem
1271 3474 1524 3548 Hyginus
1577 3476 1680 3531 hoc
1726 3476 1847 3532 loco
1891 3480 2111 3533 secutus
2146 3477 2243 3543 sit,
2279 3476 2579 3543 nescimuS,
2614 3475 2709 3532 scd

558 3574 782 3645 piscium
838 3591 1010 3645 genus
1063 3573 1229 3628 fuisse
1284 3570 1471 3626 eodem
1525 3572 1742 3627 nomine
1791 3576 2009 3645 apparet
2062 3590 2128 3627 ex
2182 3572 2369 3644 Etym.
2415 3571 2614 3642 Magno
2650 3571 2706 3627 in

559 3685 688 3725 voce
722 3672 937 3743 κίῤῥις,
987 3674 1017 3725 ό
1055 3669 1236 3745 ἰχθύς·
1274 3670 1466 3742 ἐπειδὴ
1498 3672 1704 3741 κιῤῥός
1738 3670 1861 3725 ἐστι
1894 3673 1991 3743 τὴν
2022 3671 2239 3744 χροιάν.
2310 3666 2395 3724 Cf.
2431 3666 2707 3739 Oppianus

559 3770 684 3827 Hal.
720 3771 750 3827 I
789 3772 894 3826 128
911 3791 928 3824 ε

759 3863 942 3923 ’Ἆλλαι
978 3868 1042 3922 δὲ
1078 3862 1360 3942 χθαμαλαὶ
1396 3868 1777 3936 ψαμαθώδεος
1811 3866 1945 3941 ἄγχι
1980 3867 2266 3940 θαλάσσης

768 3970 1071 4043 λεπράδες,
1108 3973 1190 4030 ὡς·
1223 3970 1409 4040 κιρρις
1438 3988 1502 4022 τε
1533 3967 1732 4023 σύαινά
1767 3988 1829 4023 τε
1859 3966 1963 4023 καὶ.
1980 3968 2317 4038 βασιλίσκω,

768 4072 826 4125 ἐν
863 4070 928 4125 δὲ
958 4070 1124 4137 μύλοι
1157 4069 1390 4143 τρίγλης
1424 4089 1488 4123 τε
1522 4070 1821 4144 ῥοδόχροα
1852 4070 2003 4141 φῦλα
2034 4072 2297 4137 νέμονται.

557 4173 612 4225 et
648 4169 904 4230 III-187:
1000 4176 1007 4187 ‘
1531 4191 1536 4197 ·

768 4267 962 4340 τρίγλη
1003 4264 1050 4321 δ’
1071 4270 1254 4339 ὀρφὸν
1288 4266 1516 4338 ἔπεφνε,
1552 4265 1639 4321 καὶ
1675 4264 1894 4322 ἔσπασε
1928 4268 2157 4339 κιρῤίδα
2187 4270 2384 4340 πέρκη.
