3392 5292
1621 600 1704 663 17

579 813 710 887 est,
761 812 876 896 qui
923 813 1231 893 narrant,
1282 812 1568 878 Minoem
1619 814 1928 896 virginem
1980 818 2131 882 navi
2162 794 2496 900 'alligasse
2598 776 2730 886 Sed

578 929 777 996 verbo
827 933 1088 997 tantum
1136 931 1262 996 hoc
1307 934 1696 998 memoravit
1744 954 1817 999 vs
1868 936 2001 1001 389
2052 954 2166 1019 sq:

778 1068 935 1130 Tum
979 1089 1269 1147 suspensa
1307 1090 1461 1131 novo
1500 1071 1617 1133 ritu
1659 1073 1732 1134 de
1773 1074 2018 1135 navibus
2061 1075 2193 1136 altis

777 1173 892 1235 Per
929 1193 1095 1235 mare
1133 1176 1470 1236 caeruleum
1506 1176 1759 1239 trahitur
1799 1178 2000 1241 Niseia
2039 1180 2221 1258 virgo,

575 1306 756 1370 Idem
789 1305 913 1372 hac
948 1307 1030 1371 de
1062 1326 1131 1371 re
1166 1307 1616 1375 tradiderunt:
1649 1310 2034 1396 Propertius
2066 1313 2153 1378 III
2189 1311 2319 1399 (IV)
2360 1312 2469 1393 19,
2505 1312 2630 1379 26:

775 1446 1000 1508 Pendet
1039 1446 1285 1509 Cretaea
1321 1454 1510 1510 tracta
1549 1450 1746 1529 puella
1787 1458 1943 1526 rate3

572 1577 1010 1661 Apollodorus
1057 1579 1172 1658 III,
1244 1580 1326 1644 15
1351 1628 1368 1660 ‚
1422 1581 1501 1647 8:
1553 1592 1743 1656 Μίνως
1779 1594 1843 1650 δὲ
1877 1594 2154 1668 Μεγάρων
2189 1596 2475 1669 κρατήσας
2506 1592 2594 1650 καὶ
2626 1597 2723 1667 τὴν

571 1695 738 1765 κόρην
772 1698 873 1765 τῆς
905 1692 1163 1765 πρύμνης
1195 1699 1307 1748 τῶν
1342 1695 1531 1749 ποδιῦν
1567 1695 1810 1767 ἐκδήσας
1846 1694 2191 1769 ὑποβρύχιον
2227 1694 2501 1768 ἐποίησεν.

572 1798 963 1864 Scholiastes
1009 1799 1096 1864 ad
1143 1799 1362 1883 Eurip.
1416 1798 1676 1883 Hippol.
1739 1801 1952 1865 1190:
2006 1816 2061 1889 (ὁ
2099 1812 2312 1890 Μίνως)
2330 1811 2525 1884 ἔλαβεν
2552 1810 2722 1884 αὐτὴν

573 1914 753 1967 ἐπάνω
787 1916 893 1967 τοῦ
925 1913 1138 1979 πλοίου,
1173 1910 1260 1968 καὶ
1295 1913 1494 1988 ἔδησεν
1542 1914 1713 1987 αὐτὴν
1748 1913 1835 1976 εἰς
1868 1917 1933 1970 τὸ
1973 1916 2180 1969 πλοῖον.

572 2017 840 2083 Tzetzes
929 2018 1015 2083 ad
1102 2018 1425 2102 Lycophr.
1516 2019 1688 2085 650:
1790 2033 2174 2103 κρεμασθεῖσα
2211 2036 2314 2104 τῆς
2347 2032 2588 2104 πρώρας
2619 2036 2723 2104 τῆς

571 2144 780 2201 ἐκείνου
836 2149 993 2220 νηός,
1066 2136 1131 2200 et
1192 2136 1575 2203 Eustathius
1611 2138 1726 2203 ad
1784 2137 2074 2221 Dionysii
2122 2137 2492 2220 Periegesin
2539 2136 2715 2202 420:

571 2248 757 2311 Μίνως
777 2290 790 2304 .
814 2290 827 2303 .
849 2290 861 2303 .
885 2290 897 2304 .
949 2252 1281 2323 προσδήσας
1325 2252 1570 2327 πηδαλίῳ
1616 2255 1750 2326 νηὸς
1797 2256 1893 2326 τὴν
1932 2254 2194 2325 προδότιν
2229 2247 2316 2306 καὶ
2349 2252 2719 2324 πατροφόντιν

568 2352 745 2424 ἀφῆκε
782 2350 1058 2422 σύρεσθαι
1097 2354 1188 2407 διὰ
1227 2354 1529 2427 θαλάσσης.
1570 2356 1606 2417 ¹)

660 2457 758 2522 Ex
828 2459 1112 2523 auctoris
1182 2460 1390 2525 nostri
1438 2460 1649 2525 verbis
1697 2459 1983 2555 laudatis
2031 2459 2245 2544 primo
2293 2458 2532 2525 obtutu
2580 2476 2716 2522 non

562 2575 893 2655 videmus„
946 2577 1171 2642 utrum
1216 2578 1434 2660 puella
1482 2598 1717 2662 prorae
1765 2597 1852 2643 an
1898 2579 2106 2662 puppi
2154 2578 2457 2661 alligetur
2501 2594 2716 2659 neque

563 2693 865 2759 disertius
913 2695 1037 2761 hoo
1085 2697 1434 2780 exponitur
1482 2716 1554 2761 vs
1599 2696 1741 2762 416
1788 2716 1886 2780 sq.

761 2834 1043 2897 Vinctane
1078 2841 1204 2896 tam
1242 2836 1440 2913 magni
1480 2837 1729 2897 tranabo
1772 2836 2014 2915 gurgitis
2056 2837 2245 2897 undas
2262 2839 2291 2896 ἱ)

763 2939 971 3002 Vincta
1009 2946 1098 3000 tot
1137 2934 1421 3001 assiduas
1448 2942 1717 3019 pendebo
1757 2960 1831 3001 ex
1871 2941 2074 3002 ordine
2112 2942 2273 3002 luces
2291 2943 2320 3000 ἱ)

655 3071 911 3156 Heynio
966 3072 1190 3137 autem
1237 3073 1583 3139 verisimile
1629 3073 1889 3139 videtur
1934 3073 2061 3139 hoc
2107 3073 2177 3138 in
2225 3090 2422 3155 prora
2460 3070 2709 3137 factum

563 3208 700 3255 esse
781 3190 994 3273 „quod
1065 3189 1156 3254 ibi
1203 3210 1622 3273 parasemum
1673 3192 1880 3273 esset,
1930 3192 2001 3257 in
2048 3210 2181 3274 quo
2229 3190 2396 3257 forte
2444 3190 2706 3256 fabulae

557 3309 762 3391 possit
831 3309 1010 3391 origo
1083 3329 1160 3375 ac
1224 3328 1424 3376 causa
1471 3310 1710 3393 latere,
1763 3330 1916 3375 cum
1963 3310 2183 3393 puella
2231 3307 2444 3375 efficta
2492 3312 2698 3386 esset,

558 3445 728 3509 quae
777 3446 1096 3511 suspensa
1143 3448 1260 3511 per
1305 3448 1486 3493 mare
1539 3428 1711 3494 trahi
1758 3428 1961 3494 videri
2009 3426 2288 3512 posset”.
2363 3426 2494 3493 Sed
2526 3426 2701 3491 recte

558 3544 867 3611 adnotat:
917 3528 1075 3611 'non
1139 3547 1463 3631 adjicitur,
1531 3567 1617 3612 an
1665 3548 1734 3612 in
1783 3566 2003 3631 prora.
2100 3544 2383 3627 Contra,
2435 3545 2491 3610 si
2539 3545 2701 3630 quid

558 3662 745 3728 video
765 3710 782 3743 ‚
879 3665 1080 3730 verbo
1167 3664 1367 3743 trahi,
1465 3666 1646 3748 quod
1734 3666 1931 3749 plane
2021 3665 2375 3750 respondet
2452 3664 2700 3730 Graeco

629 3866 666 3925 ¹)
721 3860 960 3917 Eandem
1011 3862 1251 3918 Saronioi
1288 3862 1448 3917 maris
1483 3861 1893 3933 originationem
1930 3868 2039 3921 ἀπὸ
2074 3869 2181 3921 τοῦ
2214 3864 2493 3939 σύρεσθαι
2529 3863 2700 3920 tradi-

556 3960 752 4017 derunt
793 3963 1012 4019 'l'zetzes
1045 3964 1111 4021 ll:
1149 3964 1237 4022 καὶ
1279 3968 1537 4041 ἑλκομένη
1576 3968 1668 4022 διὰ
1700 3973 1802 4040 τῆς
1838 3969 2139 4042 θαλάσσης,
2180 3967 2307 4024 ὅθεν
2337 3965 2423 4023 καὶ
2459 3971 2490 4022 ὁ
2528 3970 2700 4029 τόπος

553 4066 660 4118 τοῦ
710 4066 1014 4138 πελάγους,
1070 4068 1247 4136 οἶμαι,
1301 4070 1528 4143 ἐκλήθη,
1583 4071 1640 4123 et
1693 4068 2019 4125 scholiastes
2071 4067 2137 4123 ad
2186 4068 2370 4141 Eurip.
2420 4067 2587 4140 Hipp.
2622 4067 2695 4123 ll:

552 4163 639 4219 καὶ
675 4162 861 4233 ἔμεινε
895 4172 1179 4243 συρομένη
1216 4172 1273 4225 ἐν
1309 4177 1393 4246 τῃ*
1423 4173 1690 4247 θαλάσσῃ.
1731 4169 1839 4229 Καὶ
1859 4175 1950 4228 διὰ
1968 4160 2136 4230 τοῦτο
2155 4174 2353 4249 ἐκλήθη
2373 4176 2437 4230 τὸ
2458 4172 2699 4246 πέλαγος

553 4265 881 4341 Σαρωνικόν.

2372 4384 2413 4449 2
