3392 5292
1693 578 1776 641 18

659 793 988 878 capenam(
1034 796 1232 877 poeta
1294 793 1658 875 significare
1724 791 1789 856 et
1853 790 2147 855 adnuere
2192 788 2449 853 videtur
2494 790 2812 872 virginem

657 912 866 994 puppi
913 910 1246 994 alligatam
1295 930 1453 977 esse.
1551 909 1748 988 Quod
1796 908 2063 992 quidem
2106 907 2315 988 magis
2350 908 2588 987 cred0,
2625 908 2811 990 quia,

658 1030 941 1094 testante
1009 1030 1354 1096 Eustathio
1417 1029 1525 1109 11.,
1594 1028 2022 1111 congruentia
2088 1026 2587 1110 reperiebantur
2632 1027 2813 1110 apud

659 1147 1124 1229 Parthenium,
1191 1167 1392 1232 quem
1439 1148 1664 1214 noster
1717 1146 2013 1212 imitatus
2062 1163 2201 1208 esse
2248 1144 2522 1210 videtur.
2624 1146 2812 1229 Ejus·

661 1265 812 1330 dem
856 1268 1220 1331 sententiae
1266 1266 1532 1331 fuerunt
1578 1264 2023 1347 grammatici,
2072 1263 2187 1347 qui
2233 1264 2412 1347 apud
2445 1264 2630 1329 Ovid.
2668 1265 2810 1329 Art.

662 1383 810 1449 Am.
859 1384 887 1447 Ι
939 1386 1063 1449 331
1122 1404 1264 1468 sqq.

861 1517 1007 1579 Filia
1049 1536 1378 1596 purpureos
1419 1517 1566 1577 Niso
1608 1518 1803 1578 furata
1844 1516 2085 1595 capillos

863 1621 1071 1701 Puppe
1114 1623 1330 1683 cadens
1368 1623 1525 1682 celsa
1565 1623 1722 1682 facta
1760 1622 2013 1682 refertur
2057 1620 2209 1694 aviS,

861 1725 1062 1787 Altera
1103 1726 1296 1804 Scylla
1335 1726 1518 1787 maris
1557 1733 1894 1787 monstrum
1934 1726 2326 1786 medicamine
2370 1725 2571 1787 Circes

864 1831 1032 1892 Pube
1072 1832 1286 1910 premit
1324 1831 1562 1892 rabidos
1604 1831 2059 1909 inguinibusque
2102 1850 2279 1891 canes

666 1976 890 2023 versus
939 1940 1090 2023 duo'
1118 1958 1369 2023 medios
1415 1956 1996 2040 interpolaverunt.
2051 1955 2183 2021 Sed
2231 1955 2355 2019 hac
2404 1954 2487 2019 de
2541 1974 2611 2019 re
2667 1954 2815 2019 vide

666 2093 836 2157 quae
883 2074 1054 2140 infra
1102 2074 1263 2158 Cap.
1312 2074 1401 2138 III
1453 2073 1793 2157 dicentur..

762 2193 984 2275 Longe
1045 2194 1172 2259 alia
1235 2192 1344 2257 alii
1407 2193 1488 2257 de
1536 2189 1790 2274 Scyllae
1836 2191 1986 2273 post
2034 2190 2213 2256 urbis
2262 2190 2814 2274 expugnationem

669 2311 843 2375 sorte
891 2314 1353 2376 narraverunt.

764 2428 1035 2495 Ovidius
1107 2429 1310 2517 tradit
1379 2427 1668 2511 puellam
1739 2448 1781 2493 a
1851 2426 2067 2492 Minoe
2114 2428 2172 2492 ei
2219 2427 2476 2493 sceleris
2522 2429 2816 2511 praemia

671 2566 840 2612 non·
877 2548 1253 2631 praestante
1325 2533 1620 2612 relictam
1690 2546 1971 2612 invitum
2035 2564 2188 2611 eum
2235 2546 2491 2629 insequi
2541 2545 2703 2610 velle
2752 2546 2817 2611 et

671 2666 918 2757 insilire
987 2668 1056 2731 in
1126 2685 1326 2732 mare.
1383 2662 1440 2752 1)
1539 2666 1657 2730 His
1728 2665 1963 2730 similia
2027 2663 2338 2745 leguntur
2385 2665 2563 2747 apud
2611 2664 2814 2749 Hygi-

672 2804 836 2849 num
885 2782 974 2871 ²),
1030 2786 1191 2850 dum
1237 2784 1601 2850 Pausanias
1647 2802 1875 2848 rursus
1921 2784 1990 2848 in
2039 2783 2295 2847 diversa
2343 2782 2519 2862 abit,
2563 2803 2813 2849 memo·
2874 2829 2887 2834 -

663 2923 860 2979 ¹ranS‚
895 2904 1179 2969 Minoem
1213 2904 1350 2968 suis
1374 2904 1750 2986 imperasse,
1779 2904 1944 2967 utin
1970 2921 2152 2967 mare
2183 2922 2329 2967 eam
2355 2902 2716 2987 abjicerent
2732 2898 2813 2988 ⁸).

746 3078 782 3143 ι)
820 3076 958 3132 Vide
994 3076 1269 3131 Metamm.
1307 3076 1452 3131 VIII
1493 3076 1596 3132 141.
1635 3093 1765 3149 sqq=

816 3171 1076 3243 Insequar
1109 3171 1366 3238 invitum,
1405 3172 1734 3244 puppimque
1771 3170 2014 3244 amplexa
2049 3188 2321 3228 recurvam

813 3266 921 3322 Per
954 3266 1092 3323 freta
1125 3267 1287 3339 longa
1320 3267 1516 3323 trahar.
1587 3266 1697 3323 Vix
1738 3267 1978 3335 dixerat,
2013 3267 2187 3325 insilit
2221 3268 2391 3324 undas

819 3363 1286 3436 Consequiturque
1321 3366 1464 3419 rates
1501 3362 1731 3419 faciente
1764 3363 2030 3435 Cupidine
2066 3364 2209 3420 vires
2284 3372 2288 3377 “

810 3458 1209 3531 Gnosiacaeque
1243 3459 1431 3515 haeret
1467 3476 1644 3515 comes
1678 3454 1943 3515 inuidiosa
1980 3459 2209 3516 carinae.

744 3554 784 3617 2)
819 3552 959 3613 vide
993 3540 1124 3609 rab.
1161 3554 1296 3609 198:

744 3646 849 3703 Ille
883 3654 976 3716 (sc.
1013 3647 1202 3713 Nisus)
1238 3648 1456 3721 negavit
1487 3648 1686 3706 Creten
1724 3647 2114 3704 sanctissimam
2148 3651 2359 3705 tantum
2392 3650 2568 3706 scelus
2585 3653 2823 3723 receptu-

675 3760 804 3797 ram.
876 3743 982 3798 Illa
1018 3761 1074 3799 se
1110 3744 1168 3799 in
1205 3763 1347 3800 mare
1383 3744 1789 3817 praecipitavit,
1826 3752 1881 3800 ut
1917 3764 2090 3800 navem
2113 3751 2508 3817 persequeretur.
2559 3746 2647 3801 Ita
2683 3746 2823 3801 enim

678 3836 972 3895 Mauricius
1009 3840 1252 3897 Schmidt
1287 3845 1432 3897 recte
1468 3840 1700 3913 conjecit
1716 3858 1811 3913 pro
1838 3860 1899 3895 ne
1905 3846 2301 3913 persequeretur,
2330 3841 2473 3915 quod
2500 3838 2822 3897 sententiam

679 3940 856 4006 aptam
906 3953 1014 3990 non
1067 3936 1301 4008 praebet.
1377 3936 1550 4007 Quam
1604 3936 1969 4008 conjecturam
2021 3937 2351 4009 probabilem
2404 3936 2582 3993 reddit
2639 3937 2829 4009 inepta

683 4030 909 4086 varietas
945 4030 1107 4086 schol.
1146 4051 1208 4086 ne
1232 4038 1386 4102 pater
1407 4037 1799 4105 persequeretur.

753 4126 792 4188 3)
829 4126 912 4181 Cf.
949 4126 1060 4181 Lib.
1096 4125 1158 4181 II
1195 4127 1293 4193 34,
1332 4127 1397 4185 7:

826 4227 856 4279 ὁ
898 4223 1082 4285 Μίνως
1115 4224 1430 4295 προσέταξε
1465 4226 1587 4284 τοῖς·
1627 4222 1837 4295 Κρησὶν
1882 4226 2160 4293 ἐκβάλλειν
2197 4232 2299 4297 τῆς·
2332 4229 2487 4286 νεώς.
