3392 5292
1612 643 1698 705 89

580 879 708 924 non
783 858 921 945 (nee
944 858 1011 939 2)
1086 858 1311 924 ludens
1360 858 1657 922 mutavit.
1759 856 2028 947 Nempe⁴
2054 878 2186 922 non
2231 856 2512 940 equidem
2557 858 2732 922 idem

588 978 713 1041 est·
756 997 832 1042 ac
904 998 1032 1042 non
1104 978 1306 1042 sane!
1393 976 1522 1040 Sed
1570 976 1802 1041 vitium
1850 976 2010 1041 latet
2056 995 2245 1040 versu
2297 976 2565 1051 ultim0,
2617 974 2731 1039 ubi

587 1095 939 1175 legendum
990 1097 1122 1160 est:
1196 1095 1307 1160 sed
1352 1115 1653 1179 maynnm
1703 1100 1917 1160 teoeens
1965 1132 2053 1142 --
2087 1093 2348 1177 peplum
2361 1120 2389 1169 ,·
2443 1093 2728 1175 suppleri

584 1216 798 1295 potest
872 1233 954 1277 ex
1000 1214 1443 1296 superioribus
1492 1218 1551 1278 te
1596 1234 1944 1279 venerarer.
2048 1214 2357 1277 Attamen
2407 1211 2731 1275 sententia

583 1332 703 1395 loci
776 1333 1005 1396 vitiosa
1078 1333 1331 1409 manet3
1408 1332 1568 1397 haec
1643 1333 1818 1397 enim
1889 1329 2212 1414 postulat:
2292 1331 2346 1394 si
2403 1348 2732 1394 summam

583 1450 974 1533 sapientiam
1046 1451 1437 1516 consecutus
1509 1470 1748 1531 essem,
1827 1450 2154 1533 specimen
2203 1468 2388 1514 meae
2437 1447 2729 1530 philoso-

585 1567 777 1650 phiae
826 1567 943 1632 tibi
990 1569 1337 1633 mitterem.

1428 1761 1530 1824 Vs,
1590 1759 1901 1824 31—34:

784 1924 1039 1984 Horrida
1082 1924 1401 2000 sanguineo
1441 1925 1761 2002 pinguntur
1802 1925 2024 2002 proelia
2067 1943 2276 1998 cocco,

783 2028 1034 2089 Additur
1077 2036 1282 2089 aurata
1325 2028 1582 2090 deiectus
1626 2029 1868 2106 cuspide
1910 2029 2118 2107 Typho
2135 2075 2148 2102 ‚

786 2132 902 2206 Qui
945 2134 1107 2210 prius
1151 2132 1389 2194 Ossaeis
1433 2140 1816 2193 consternens
1856 2133 2092 2193 aethera
2131 2135 2288 2195 saxis

789 2237 1063 2297 Emathio
1105 2238 1329 2297 celsum
1372 2238 1706 2315 duplicabat
1745 2238 1960 2298 vertice
2000 2237 2336 2317 Olympum.

654 2386 765 2451 (Vs.
806 2387 870 2442 31
911 2404 1066 2442 coreo
1104 2388 1157 2442 Η
1196 2405 1351 2443 socco
1390 2390 1436 2444 A
1477 2388 1530 2443 R
1565 2406 1725 2444 succo
1762 2389 1874 2444 edd.
1899 2395 1994 2445 ant
2029 2396 2055 2453 11
2095 2406 2172 2444 VS.
2199 2390 2266 2445 32
2306 2390 2543 2445 deiectus
2557 2394 2703 2462 vulqo

584 2482 825 2537 delectus
860 2482 908 2537 Ο
940 2487 951 2555 Ι
980 2482 1170 2555 thipho
1205 2484 1298 2538 H:
1335 2484 1537 2557 typhon
1575 2487 1620 2540 A
1649 2484 1704 2540 R.
1739 2494 1763 2550 11
1799 2503 1873 2539 vs.
1901 2484 1969 2539 33
1996 2484 2210 2541 Ossaeis
2230 2485 2278 2540 Ο
2301 2493 2326 2551 ΙΙ
2348 2485 2632 2541 Aemathio
2651 2484 2733 2547 L).

624 2674 628 2679 ·
678 2656 1391 2741 Sanquinea—Gor90‚
1451 2657 1630 2739 quod
1678 2656 2012 2745 Baehrens
2062 2677 2251 2722 versu
2305 2658 2382 2722 31
2442 2658 2729 2740 scripsit,

584 2777 1025 2841 necessarium
1110 2795 1247 2840 non
1334 2776 1446 2841 est.
1571 2775 1861 2841 Verbum
1950 2781 2352 2841 consternens
2421 2775 2540 2860 (VS.
2618 2774 2736 2859 33)

585 2894 871 2976 intellegi
919 2915 1052 2960 non
1103 2914 1294 2977 posse
1319 2944 1334 2973 ‚
1387 2894 1663 2977 quisque
1711 2894 1908 2959 videt.
1976 2892 2187 2959 Credo
2237 2913 2462 2959 veram
2497 2868 2732 2975 poetae

584 3032 855 3079 manum
920 3033 1026 3077 me
1082 3012 1437 3078 restituisse
1493 3013 1770 3094 legendo
1820 3012 2250 3099 conscendens.
2353 3012 2612 3076 Etenim
2660 3013 2735 3076 ut

585 3131 803 3209 naviS,
883 3132 1081 3197 turris
1150 3132 1609 3218 conscenditur
1678 3150 1797 3214 per
1846 3130 2124 3213 graduS‚
2174 3130 2267 3194 ita
2314 3130 2375 3193 h.
2413 3129 2457 3193 l.
2511 3130 2736 3194 aether

583 3268 705 3332 per
775 3225 948 3315 saxa.
1053 3249 1293 3316 Confer
1358 3250 1697 3332 praetcrea
1769 3269 1857 3313 vs.
1937 3250 2023 3313 50
2085 3248 2258 3313 tenni
2321 3247 2735 3313 conscendens

586 3369 840 3435 aethera
905 3370 1112 3451 pinna
1170 3371 1236 3433 et
1300 3369 1485 3433 Ovid.
1544 3369 1689 3433 Met.
1753 3369 1790 3432 3
1813 3417 1828 3446 ‚
1883 3368 2018 3432 ,0298
2069 3387 2159 3450 sq.
2216 3367 2396 3450 Eryo
2442 3366 2732 3431 maestis-

584 3488 787 3553 simus
835 3486 1037 3553 altam
1084 3487 1365 3552 Aethera
1412 3485 1786 3551 conscendit.
2773 3500 2776 3504 ·

683 3607 785 3671 Ad
836 3592 1097 3670 versum
1149 3605 1237 3670 34
1287 3605 1621 3670 Baehrens
1670 3605 1845 3668 recte
1895 3604 2205 3668 adnotat:
2268 3603 2478 3668 „ratio
2525 3602 2736 3684 logica

588 3726 654 3790 et
727 3725 1135 3789 consuetudo
1209 3724 1465 3807 poetica
1536 3721 1908 3806 postulant,
1947 3714 1951 3718 ’
1985 3723 2059 3787 ut
2131 3720 2561 3787 rescribatur:
2628 3722 2740 3805 qai

584 3842 1183 3925 prins-duplicarat.
1286 3841 1381 3907 Cf.
1436 3860 1528 3906 VS.
1571 3836 1715 3905 '2592
1769 3841 1832 3906 et
1883 3839 2026 3904 Cat.
2079 3839 2202 3918 64,
2257 3840 2413 3905 317.

1427 4034 1529 4098 Vs.
1585 4033 1883 4127 54—57.

788 4199 1138 4277 Complures
1179 4198 1339 4259 illam
1380 4197 1603 4275 magni,
1648 4197 1951 4271 Messalla,
1995 4204 2203 4275 poetae

792 4304 872 4378 (N
876 4324 973 4365 am
1014 4323 1239 4368 verum,
1262 4304 1576 4365 fateamur:
1620 4309 1781 4365 amat
1821 4302 2205 4381 Polyhymnia
2247 4304 2474 4377 verum)
