3392 5292
1721 597 1810 662 40

689 814 838 879 fecit
907 833 1059 878 cum
1122 812 1554 892 narravisset,
1606 812 1940 894 quomodo
1989 810 2283 876 Ariadna
2330 810 2567 877 Thesei
2614 833 2837 877 amore

687 932 1033 1014 caperetur
1082 927 1187 1017 (cf.
1242 929 1408 996 Ciris
1455 950 1528 995 vs
1573 930 1939 995 133—138
1974 949 2127 994 cum
2161 928 2303 996 Cat.
2343 930 2474 996 64:
2503 930 2833 1017 95—98).

685 1049 944 1141 Amoris
999 1049 1067 1114 in
1115 1049 1332 1131 Scylla
1379 1049 1647 1115 effectus
1695 1050 1925 1113 iisdem
1972 1047 2106 1113 fere
2154 1048 2367 1113 verbis
2414 1049 2834 1127 describitur,

683 1166 925 1250 quibus
973 1165 1272 1232 Catullus
1318 1167 1647 1233 Ariadnae
1697 1168 1847 1249 post
1893 1166 2223 1232 Theseum
2270 1166 2635 1249 profectum
2682 1167 2837 1232 soli-

686 1285 982 1350 tudinem
1055 1283 1479 1349 adumbravit
1546 1284 1733 1370 (Vide
1808 1284 1973 1350 Ciris
2036 1305 2109 1350 νε
2163 1285 2527 1351 167-170
2579 1288 2644 1351 et
2692 1285 2834 1351 Cat.

687 1402 773 1467 64
810 1424 826 1467 2
869 1401 1192 1485 63—67).
1293 1400 1527 1467 Carme
1599 1404 1865 1469 easdem
1933 1403 2069 1468 fere
2138 1406 2359 1487 partes
2429 1405 2600 1487 agit,
2670 1425 2838 1488 quas

683 1518 980 1585 Catullus
1025 1520 1246 1602 Aegeo
1290 1522 1649 1603 assignavit
1696 1523 1763 1587 et
1810 1522 2065 1605 Scyllae
2112 1523 2405 1587 lamenta
2436 1524 2839 1606 respondent

679 1637 960 1721 querelis
982 1686 998 1716 ‚
1068 1657 1234 1727 quas
1296 1637 1596 1703 Catullus
1643 1639 2008 1705 Ariadnam
2055 1639 2433 1721 loquentem
2480 1639 2654 1705 facit.
2750 1641 2840 1705 Ut

679 1756 897 1840 Scylla
951 1757 1247 1839 queritur
1295 1776 1366 1822 se
1416 1758 1671 1823 tumulo
1718 1758 1960 1840 privari
2010 1755 2186 1844 (vide
2237 1777 2326 1822 vs.
2380 1757 2511 1823 441
2575 1778 2714 1823 „me
2757 1778 2839 1824 ne
2886 1752 2893 1757 ’

677 1874 796 1940 illa
865 1874 1116 1958 quidem
1186 1876 1532 1941 communis
1601 1875 1926 1941 alumnam
1992 1875 2299 1942 Omnibus
2356 1876 2589 1943 iniecta
2654 1876 2838 1942 tellus

676 1993 1014 2059 tumulabit
1082 1993 1352 2077 hcm-ena)
1422 1995 1517 2061 ita
1580 1994 1779 2077 plane
1852 1995 2145 2060 Ariadna
2221 1989 2321 2078 (νε
2374 1992 2541 2057 153:
2597 2011 2839 2076 „neque

671 2113 906 2179 iniecta
965 2112 1326 2179 tumulabor
1369 2118 1624 2180 mortua
1669 2111 1943 2199 terra”.)
2010 2114 2305 2196 Utraque
2355 2111 2577 2194 puella
2626 2112 2837 2194 indig-

678 2231 909 2308 natur,
982 2231 1163 2314 quod
1233 2232 1357 2299 sihi
1427 2252 1563 2297 non
1633 2231 1829 2296 liceat
1898 2232 2135 2297 saltem
2180 2231 2251 2295 in
2298 2230 2633 2295 servitium
2684 2229 2834 2293 duci

680 2346 792 2435 (cf.
866 2347 1030 2413 Ciris
1102 2367 1176 2413 vs
1243 2349 1614 2415 443-446
1691 2368 1844 2414 cum
1903 2349 2045 2416 Cat.
2100 2348 2232 2415 64:
2283 2346 2719 2433 160-164),
2771 2348 2835 2411 et

677 2466 845 2531 sicut
915 2465 1201 2549 Scyllam
1271 2486 1467 2533 suum
1526 2468 1740 2534 fatum
1788 2469 2091 2551 questam
2142 2468 2410 2533 tandem
2458 2466 2626 2531 vires
2674 2465 2834 2529 defi-

675 2585 892 2664 ciunt,
963 2584 1055 2651 ita
1128 2604 1167 2651 a
1240 2585 1408 2650 fesso
1481 2605 1758 2670 corpore
1804 2586 2137 2651 Ariadnae
2185 2604 2418 2650 sensus
2468 2584 2832 2661 decedunt,

676 2722 827 2769 cum
894 2703 1144 2787 justam
1215 2704 1497 2770 multam
1568 2704 1825 2770 Theseo
1896 2704 2259 2787 imprecata
2333 2705 2431 2769 est
2507 2700 2617 2790 (cf.
2669 2701 2837 2767 Ciris

673 2841 746 2885 vs
791 2820 930 2886 458
980 2840 1132 2887 cum
1182 2820 1324 2888 Cat.
1381 2822 1514 2888 64:
1557 2824 1686 2887 189
1716 2820 1893 2908 sqq).
1961 2823 2167 2887 Porro
2203 2821 2502 2886 videmus
2528 2821 2837 2885 Nereides

675 2938 840 3004 Ciris
908 2958 1101 3004 versu
1176 2941 1304 3005 391
1384 2940 1671 3024 Scyllam
1742 2942 1898 3006 navi
1970 2941 2311 3022 alligatam
2383 2940 2693 3006 admirari
2763 2941 2837 3005 ut

673 3056 917 3123 Catulli
963 3058 1031 3123 in
1080 3057 1388 3124 Carmine
1435 3079 1507 3123 vs
1561 3060 1644 3124 15
1696 3079 1936 3125 navem
1984 3059 2182 3140 Argo.
2259 3058 2557 3142 Denique
2608 3058 2834 3123 obser-

672 3176 965 3242 vandum
1014 3178 1114 3241 est
1160 3179 1388 3242 nostro
1438 3178 1507 3243 in
1556 3178 1849 3242 carmine
1880 3178 2145 3260 saepius
2176 3178 2441 3243 casdem
2477 3178 2837 3242 sententias
2912 3255 2918 3263 ,

671 3294 974 3377 reperiri,
1047 3314 1220 3378 quae
1288 3296 1358 3360 in
1428 3296 1537 3360 illo
1611 3296 2036 3382 epithalamio
2109 3295 2483 3362 Catulliano
2533 3288 2833 3374 exstant,

670 3412 849 3494 quod
908 3413 1212 3496 apparet,
1275 3413 1329 3477 si
1401 3432 1454 3478 e.
1508 3433 1571 3496 g.
1644 3414 1943 3480 conferas
2010 3415 2175 3482 Ciris
2224 3435 2493 3481 versum
2544 3418 2584 3483 3
2634 3434 2836 3498 supra

669 3530 1013 3596 laudatum
1060 3548 1213 3596 cum
1262 3529 1407 3597 Cat.
1460 3531 1592 3597 64:
1631 3534 1743 3598 87.
1793 3531 1985 3617 (Vide
2031 3552 2182 3617 pag.
2239 3535 2374 3619 37).
2474 3534 2650 3600 Tum

749 3718 848 3780 Vs,
891 3721 1009 3782 206
1050 3723 1354 3783 devinctus
1397 3724 1626 3783 lumina
1664 3743 1868 3784 somno
1952 3744 2088 3785 cum
2134 3724 2260 3785 Cat.
2292 3725 2547 3785 64:122
2609 3727 2835 3787 devinc-

2130 3838 2255 3889 tam
2299 3831 2520 3890 lumine
2554 3849 2772 3891 somno.

797 3974 820 4002 ‚,
895 3929 1012 3990 219
1046 3933 1406 4007 promittens
1447 3953 1700 3994 munera
1743 3936 1901 3994 divis
2022 3979 2045 4007 „
2136 3933 2263 3995 Cat.
2295 3935 2407 3995 64:
2438 3935 2550 3994 103
2591 3955 2835 3995 munus-

2128 4042 2263 4100 cula
2275 4040 2432 4099 divis
2445 4040 2830 4100 Promittens.

799 4182 823 4210 „
896 4138 1008 4198 241
1059 4141 1298 4199 animi-
1334 4160 1536 4201 amore
2018 4190 2041 4218 ,‚
2134 4143 2261 4204 Cat.
2294 4145 2409 4205 64:
2436 4146 2553 4205 372
2640 4148 2835 4205 animi

2140 4267 2392 4309 amores.
