3392 5292
1697 597 1786 662 64

665 812 988 879 Corvinus
1035 811 1141 875 ille
1175 830 1351 876 anno
1388 812 1551 887 735,
1589 814 1743 876 ante
1775 830 1974 894 quem
2007 830 2273 876 carmen
2305 813 2606 877 nostrum
2639 831 2818 877 com-

663 931 951 1015 positum
1016 949 1155 993 esse
1218 950 1352 995 non
1416 930 1635 1012 potest
1698 929 1800 1013 (ut
1848 929 2050 1012 paulo
2102 933 2252 1013 post
2302 930 2569 994 uberius
2618 948 2818 1011 expo-

661 1049 914 1132 netur),
978 1048 1417 1131 quadraginta
1479 1050 1773 1131 quinque
1827 1069 2037 1114 annos
2086 1050 2285 1114 natus
2333 1051 2476 1113 erat
2503 1048 2584 1131 ¹),
2643 1047 2818 1113 unde

661 1168 957 1250 sequitur
1003 1186 1139 1231 non
1190 1167 1378 1231 licere
1419 1166 1617 1232 talem
1652 1167 1988 1231 hominem
2013 1167 2336 1251 juvenum
2370 1166 2818 1231 doctissimum

662 1286 1021 1368 appellare.

755 1406 957 1470 Filius
1004 1404 1144 1487 ejus
1192 1403 1457 1483 contra,
1511 1400 1619 1490 (ut
1665 1405 1962 1469 Ribbeck
1996 1404 2293 1487 Append.
2329 1404 2518 1485 Verg.
2546 1423 2696 1485 pag.
2733 1404 2816 1467 16

664 1542 756 1605 sq.
822 1524 1051 1606 paucis
1114 1522 1326 1587 verbis
1391 1524 1703 1604 perdocte
1768 1522 2128 1608 exposuit),
2218 1542 2407 1587 „cum
2456 1542 2633 1587 anno
2686 1522 2816 1587 727

665 1659 832 1723 puer
898 1640 1095 1705 fuisse
1153 1640 1455 1705 videatur
1505 1638 1838 1728 (Tibullus
1888 1642 2064 1706 enim
2119 1642 2187 1705 in
2237 1641 2442 1723 elegia
2488 1642 2548 1719 Ι,
2606 1641 2643 1705 7
2697 1640 2820 1704 hoc

665 1778 843 1823 anno
907 1758 1149 1841 scripta
1209 1777 1310 1825 VS.
1374 1760 1462 1824 55
1522 1761 1710 1842 optat
1755 1761 1929 1843 patri
1978 1762 2051 1825 ut
2103 1759 2514 1839 „succrescat
2560 1758 2815 1841 proleS,

661 1896 834 1960 quae
884 1877 1054 1942 facta
1086 1878 1377 1959 parentis
1417 1879 1656 1959 augeat
1687 1879 1754 1943 et
1785 1879 1956 1943 circa
1990 1877 2118 1943 stet
2151 1879 2525 1943 veneranda
2557 1874 2818 1942 senem”

665 1996 745 2062 cf.
826 1996 1140 2079 Borghesi
1203 2017 1357 2080 opp.
1425 1997 1732 2062 numism.
1804 1998 1832 2060 I
1902 2017 1968 2079 p.
2016 1994 2210 2083 413.)
2283 2016 2566 2079 cumque
2640 2014 2818 2061 anno

667 2116 800 2181 729
867 2116 969 2180 vel
1033 2116 1166 2181 730
1232 2117 1558 2181 decemvir
1627 2116 1840 2181 factus
1900 2113 2008 2202 (cf.
2062 2114 2307 2179 Tibulli
2354 2115 2413 2179 II
2465 2112 2538 2202 5)
2589 2114 2814 2180 adole-

664 2253 851 2299 scens
915 2235 1275 2299 octodecim
1337 2234 1469 2298 fere
1534 2253 1864 2299 annorum
1926 2233 2352 2315 probabiliter
2399 2233 2730 2297 statuatur
2776 2251 2816 2297 a

664 2354 1113 2431 Lachmann0‚
1172 2353 1315 2436 jam
1376 2352 1604 2435 paucis
1667 2353 1857 2417 annis
1921 2353 2069 2435 post
2124 2352 2384 2435 juvenis
2434 2351 2595 2417 satis
2642 2351 2816 2417 recte

561 2500 567 2507 ·
666 2467 1171 2555 appellabatur'’
1198 2470 1273 2557 ²).

757 2590 975 2655 Minus
1037 2590 1287 2686 incerta
1331 2608 1535 2671 quam
1582 2608 1827 2653 nomen
1875 2587 2041 2655 Ciris
2089 2588 2374 2654 auctoris
2394 2637 2409 2668 ,
2463 2589 2560 2653 est
2598 2589 2812 2668 aetaS,

664 2728 797 2792 qua
855 2709 1029 2774 vixit.
1143 2708 1402 2774 Etenim
1466 2727 1874 2791 quamquam
1931 2708 2206 2789 despero
2272 2708 2577 2773 accurate
2627 2727 2818 2790 posse

664 2828 867 2892 statui
936 2846 1071 2910 quo
1143 2847 1322 2893 anno
1394 2825 1574 2892 Cirin
1646 2825 2012 2908 scripserit,
2080 2826 2203 2891 hoc
2273 2827 2497 2891 tamen
2560 2827 2818 2893 constat

666 2964 934 3011 carmen
1014 2965 1228 3028 neque
1308 2946 1463 3011 ante
1533 2965 1786 3010 annum
1860 2946 1992 3011 735
2067 2964 2129 3009 u,
2208 2964 2262 3010 c.
2303 2956 2554 3029 'neque
2625 2945 2819 3027 longe

666 3063 841 3129 ultra
927 3064 1209 3146 Augusti
1287 3064 1571 3129 aetatem
1643 3064 1950 3146 componi
2021 3064 2334 3146 potuisse.
2432 3062 2609 3129 Cirin
2682 3082 2818 3128 non

666 3182 977 3264 scriptam
1064 3201 1202 3246 esse
1290 3182 1444 3247 ante
1529 3201 1784 3247 annum
1874 3183 2007 3247 735
2077 3202 2140 3251 u.
2218 3202 2273 3247 c.
2350 3201 2429 3247 eo
2501 3182 2818 3265 sequitur,

666 3301 846 3384 quod
911 3301 1055 3366 tum
1117 3301 1433 3383 Vergilius
1480 3303 1782 3366 mortuus
1829 3301 1930 3365 est
1975 3302 2328 3384 nosterque
2375 3301 2569 3385 poeta
2614 3301 2821 3366 totam

666 3419 1025 3485 Aeneidem
1073 3421 1222 3502 post
1254 3420 1516 3507 Vergilii
1557 3419 1811 3485 obitum
1847 3419 2116 3484 demum
2151 3420 2396 3485 editam
2430 3418 2542 3507 (cf.
2581 3417 2823 3484 Donati

741 3713 783 3781 ¹)
834 3710 919 3767 cf.
974 3711 1024 3767 J.
1078 3710 1154 3767 M.
1207 3710 1260 3766 J.
1312 3710 1572 3767 Valeton:
1628 3710 1705 3767 M.
1752 3710 1996 3767 Valerius
2033 3708 2288 3765 Messalla
2325 3709 2620 3777 Corvinus,
2655 3709 2819 3765 Gron.

664 3805 809 3865 18⁷4
844 3825 895 3879 p.
936 3809 967 3862 9
1005 3824 1129 3880 sqq,
1172 3807 1265 3863 'ubi
1298 3825 1363 3863 ex
1398 3807 1554 3864 ovid.
1596 3825 1661 3863 ex
1703 3807 1880 3863 Ponto
1915 3806 1972 3873 Ι,
2011 3807 2078 3873 7,
2114 3807 2207 3873 27,
2235 3806 2500 3863 Frontino
2526 3807 2591 3863 de
2610 3808 2820 3880 Aquae·

668 3900 813 3957 duct.
852 3902 918 3956 99
956 3906 1012 3958 et
1047 3902 1377 3976 Hieronymo
1413 3903 1480 3959 ad
1517 3921 1548 3958 a
1582 3903 1712 3958 Abr.
1751 3903 1889 3961 2027
1931 3901 2328 3958 demonstratur
2363 3902 2670 3959 Messallam
2701 3902 2827 3958 Cor-

669 3994 853 4050 vinum
890 4001 1077 4053 natum
1114 4016 1231 4054 esse
1268 4016 1404 4054 anno
1442 3998 1510 4054 64
1549 4017 1580 4054 a
1617 3998 1707 4065 0.,
1748 4002 2017 4054 mortuum
2053 4015 2192 4053 anno
2231 3999 2261 4053 9
2299 4017 2332 4071 p
2389 3998 2448 4054 O.
2490 3998 2572 4055 Of.
2609 3998 2846 4054 Teuffel.

668 4090 809 4146 Rom
846 4091 940 4147 Lit
974 4094 995 4126 ³
1026 4098 1053 4160 §
1090 4094 1226 4149 2222
1266 4097 1316 4161 1,
1352 4095 1522 4168 Pauly
1558 4095 1712 4151 Real.
1750 4094 1967 4167 Encycl.
2005 4093 2086 4149 VI
2124 4095 2155 4149 2
2191 4112 2310 4167 pag.
2349 4094 2488 4149 2352
2528 4112 2606 4166 sq.
2647 4098 2763 4150 not.

741 4188 781 4251 Σ’)
815 4187 900 4243 Cf.
935 4187 1105 4261 Pauly
1140 4189 1277 4245 Real
1326 4191 1543 4263 Encycl.
1578 4190 1660 4245 VI
1698 4191 1730 4245 2
1767 4209 1885 4263 pag.
1905 4191 2042 4245 2355
2067 4208 2145 4262 sq.
2167 4190 2244 4245 Νο
2263 4191 2367 4245 100
2393 4196 2448 4247 et
2465 4189 2668 4246 Teuffel
2692 4191 2828 4247 Rom

670 4280 765 4337 Lit
798 4288 817 4318 ³
852 4288 879 4351 §
916 4282 1039 4351 267,
1076 4284 1124 4345 6.
