3392 5292
1570 608 1648 671 31

629 820 759 886 Sed
844 840 1069 886 rursus
1151 821 1380 886 eodem
1451 836 1647 885 sensu
1721 821 1877 887 dare
1934 840 2180 904 poenas
2242 821 2383 904 jam
2455 820 2689 886 Cicero⁴

541 939 733 1005 dixit:
809 939 889 1003 de
960 939 1245 1022 Harusp.
1319 958 1632 1023 responso
1666 999 1668 1003 ,
1704 959 1761 1006 c.
1833 940 1954 1019 18,
2007 941 2071 1004 et
2120 939 2387 1004 Tuscul.
2436 938 2573 1006 Lib.
2629 939 2683 1003 V

536 1075 588 1122 c.
648 1057 768 1121 19:
826 1056 966 1135 alii,
1021 1076 1141 1122 nec
1189 1057 1376 1121 video
1423 1057 1583 1140 quid
1633 1056 1799 1123 Ciris
1846 1058 2028 1123 locus
2059 1057 2422 1141 perculiare
2456 1058 2525 1122 in
2558 1076 2684 1122 usu

535 1174 674 1239 eius
720 1174 1040 1241 formulae
1085 1175 1350 1241 habeat.
1463 1182 1471 1191 ‘

629 1293 855 1376 Neque
905 1293 1167 1359 ·minus
1262 1314 1300 1359 a
1398 1292 1794 1359 Baehrensio
1894 1294 2334 1359 recedendum
2428 1295 2686 1360 videtur

535 1412 848 1479 continuo
917 1412 1191 1495 putante
1249 1411 1684 1477 imitationem
1749 1411 2049 1490 subesse,
2104 1414 2361 1495 quoties
2410 1413 2687 1478 eandem

533 1529 884 1596 verborum
931 1529 1418 1613 copulationem
1465 1530 1778 1596 inveniat.
1874 1530 2198 1613 Persaepe
2248 1532 2426 1596 enim
2474 1548 2553 1595 ex
2596 1530 2689 1594 rei

533 1648 850 1713 tractatae
922 1648 1312 1729 cognatione
1385 1647 1847 1730 explicandum
1919 1649 2057 1728 est,
2145 1649 2278 1713 duo
2342 1648 2690 1731 scriptores

533 1764 765 1829 eadem
827 1766 1027 1830 verba
1088 1765 1512 1847 copulavisse.
1614 1766 1742 1832 Per
1787 1784 1859 1831 se
1905 1766 2123 1848 ipsum
2174 1764 2297 1829 hoc
2346 1785 2481 1831 non
2530 1764 2689 1829 satis

535 1885 632 1947 est
678 1883 764 1948 ad
809 1883 1245 1949 imitationem
1293 1885 1877 1967 comprobandam.
1953 1883 2167 1949 Aliter
2214 1902 2317 1947 res
2351 1902 2421 1948 se
2452 1882 2686 1958 habet,

535 2001 590 2064 si
656 2000 895 2066 horum
964 2003 1316 2069 verborum
1390 2022 1602 2069 unum
1672 2003 1907 2068 saltem
1978 2003 2212 2068 eodem
2276 2021 2473 2067 sensu
2534 2001 2691 2067 alibi

536 2138 684 2184 non·
755 2120 1117 2200 invenitur,
1201 2121 1319 2187 aut
1388 2122 1588 2186 verba
1658 2121 1948 2193 indicata
2019 2122 2085 2186 et
2156 2120 2387 2186 eodem
2460 2120 2689 2185 ordine

536 2237 750 2320 posita
795 2241 950 2305 sunt
998 2241 1064 2306 et
1111 2240 1377 2305 eosdem
1423 2259 1648 2305 versus
1697 2240 1898 2323 pedes
1948 2238 2267 2317 efficiunt,
2307 2240 2380 2304 ut
2412 2238 2694 2321 exempli

537 2356 748 2438 gratia
792 2357 905 2423 illa
964 2357 1225 2441 »pocula
1271 2357 1555 2424 Bacchi''
1601 2377 1775 2441 quae
1818 2377 2013 2423 versu
2049 2358 2183 2423 229
2217 2357 2690 2422 memorantur.
2780 2440 2783 2443 ἢ

466 2492 469 2495 ·
540 2473 963 2559 Quamquam
1034 2477 1210 2542 enim
1281 2477 1464 2542 haud
1535 2477 1755 2542 nescio
1819 2476 1961 2561 jam
2032 2476 2243 2541 multo
2309 2478 2465 2541 ante
2530 2474 2696 2541 Ciris

539 2594 871 2676 scriptoris
932 2596 1218 2661 aetatem
1285 2594 1618 2660 Bacchum
1684 2595 2121 2678 metonymice
2169 2594 2325 2677 poni
2376 2614 2497 2677 pro
2547 2595 2697 2659 vino

441 2701 458 2711 ²
542 2709 654 2798 (cf.
703 2713 866 2778 illud
915 2714 1424 2793 Terentianum,
1481 2714 1662 2797 quod
1710 2714 1780 2778 in
1821 2712 2243 2796 proverbium
2281 2710 2473 2777 abiit:
2523 2712 2698 2776 „sine

544 2829 778 2897 Cerere
855 2832 918 2897 et
989 2831 1250 2896 Baccho
1323 2832 1513 2913 friget
1583 2829 1895 2917 Venus”),
1968 2831 2074 2896 hic
2144 2832 2369 2896 tamen
2439 2830 2699 2919 Vergilii

539 2948 971 3015 imitationem
1043 2950 1321 3015 subesse*
1383 2952 1581 3033 puto,
1656 2949 1837 3032 quod
1906 2949 2137 3013 iisdem
2207 2948 2447 3040 verbis,
2528 2966 2699 3031 quae

539 3066 853 3149 Vergilius
901 3068 1063 3133 Aen.
1117 3069 1237 3147 III,
1295 3068 1429 3133 354
1479 3068 1549 3133 in
1597 3068 1729 3132 fine
1773 3067 2028 3150 posuit,
2067 3066 2232 3133 Ciris
2266 3068 2497 3136 auctor
2530 3085 2697 3148 quo-

541 3203 669 3268 que
718 3180 978 3251 versum
1025 3186 1280 3252 clausit.
2478 3270 2481 3273 ⁴

633 3304 880 3369 Eorum
958 3305 1182 3371 autem
1260 3324 1433 3389 quae
1513 3304 1647 3370 dixi
1693 3304 2059 3369 Baehrens
2148 3304 2471 3369 rationem
2512 3322 2689 3393 finon

542 3422 920 3488 habendam
966 3422 1254 3506 putavit,
1309 3441 1460 3487 cum
1512 3422 1676 3488 Ciris
1724 3442 1799 3486 vs
1851 3423 1963 3488 71.

744 3550 950 3611 Infelix
989 3550 1196 3627 VirgO,
1243 3550 1415 3629 (quid
1455 3550 1613 3611 enim
1655 3549 2033 3611 commiserat
2073 3550 2172 3610 illa
2186 3549 2243 3625 5²)

547 3660 960 3740 compararet
1007 3677 1160 3723 cum
1207 3659 1466 3740 Vergilii
1514 3657 1959 3737 Ec1.V1‚47
2015 3658 2079 3721 et
2117 3655 2302 3722 Calvi
2334 3586 2703 3737 fragmento

551 3776 591 3840 9
650 3776 852 3860 (apud
894 3776 1343 3861 Muellerum),
1380 3777 1494 3860 qui
1528 3795 1753 3841 versus
1786 3776 2109 3858 incipiunt
2141 3775 2381 3840 verbis:
2433 3776 2499 3841 A
2532 3776 2708 3860 vir-90

547 3893 797 3977 infelix.
898 3895 1198 3961 Primum
1255 3896 1432 3960 enim
1477 3894 1689 3960 metro
1739 3912 2162 3977 nequaquam
2218 3893 2705 3989 postulabatur,

551 4013 627 4078 ut
694 4014 892 4096 poeta
969 4016 1194 4079 noster
1270 4014 1793 4098 interjectionem
1871 4033 1913 4077 a
1995 4012 2331 4077 omitteret
2394 4012 2459 4077 et
2507 4012 2707 4077 verba

550 4131 808 4197 inverso
856 4132 1084 4197 ordine
1109 4132 1439 4229 poneret,
1492 4133 1556 4197 et
1603 4132 1945 4214 praeterea
1978 4150 2115 4196 non
2148 4130 2374 4210 vide0,
2412 4150 2531 4195 cur
2561 4130 2707 4213 ipse

552 4250 620 4321 in
654 4250 931 4314 eandem
977 4249 1327 4315 verborum
1384 4248 1869 4333 copulationem
1908 4248 2195 4314 incidere
2227 4266 2361 4313 non
2396 4247 2707 4331 potuerit,
