3392 5292
1618 603 1706 666 79

591 834 752 879 num
785 815 1062 879 eandem
1089 834 1226 879 rem
1261 798 1624 896 elegantius
1658 818 1724 880 et
1757 816 2093 898 pulchrius
2118 835 2434 881 exornare
2458 816 2730 898 posset'’.

684 932 812 996 Sed
878 934 952 996 ut
1014 933 1099 997 ad
1148 933 1501 1015 Vergilium
1549 936 1873 1012 revertar,
1926 954 2061 999 non
2109 935 2359 999 Moreto
2407 934 2549 999 solo
2598 934 2738 1017 ejus

587 1049 1035 1115 Partheniana
1064 1051 1343 1116 imitatio
1375 1051 1768 1117 continetur.
1843 1052 2316 1135 Praeterquam
2348 1053 2524 1117 enim
2558 1053 2736 1135 quod

585 1169 797 1234 Aulus
844 1168 1089 1234 Gellius
1136 1168 1324 1235 Noct.
1377 1170 1513 1236 Att.
1565 1170 1705 1236 IX:
1743 1172 1784 1235 9
1835 1171 2267 1236 Parthenium
2316 1190 2580 1255 quoque
2615 1190 2735 1235 no·

589 1287 800 1352 minat
858 1287 1031 1352 inter
1100 1307 1241 1365 eos,
1318 1308 1602 1372 quorum
1650 1289 1968 1371 Vergilius
2000 1290 2174 1363 ‚scite
2219 1290 2286 1354 et
2332 1290 2739 1354 considerate

589 1405 766 1469 locos
836 1402 1115 1481 effinxit,
1190 1407 1490 1471 novimus
1554 1407 1732 1472 hunc
1795 1408 2124 1489 integrum
2172 1408 2314 1490 eJ’us
2362 1426 2622 1472 versum
2669 1407 2736 1471 in

590 1522 903 1605 Georgica
949 1524 1287 1606 recepisse.

682 1642 1017 1707 Parthenii
1088 1642 1308 1706 locum
1379 1643 1631 1725 primus
1702 1644 1987 1709 servavit
2051 1642 2294 1709 Gellius
2359 1643 2545 1709 Noct.
2596 1644 2732 1708 Att.

588 1758 737 1825 XIII
772 1760 929 1825 ’262
1016 1760 1388 1825 ,Parthenii
1427 1762 1669 1844 poetae
1716 1780 1940 1826 versus
1987 1761 2119 1826 est:
2171 1771 2400 1846 Γλαύκῳ
2429 1768 2516 1825 καὶ
2556 1769 2743 1844 Νηρεῖ

590 1888 677 1945 καὶ
712 1889 928 1965 εἰναλίῳ
954 1890 1277 1966 Μελικέρτῃ.
1350 1879 1521 1945 Eum
1567 1899 1831 1945 versum
1861 1878 2181 1962 Vergilius
2214 1878 2585 1944 aemulatus
2617 1880 2731 1944 est.

590 1998 820 2081 Itaque
868 1997 1020 2063 fecit
1066 1998 1327 2063 duobus
1375 1998 1710 2064 vocabulis
1759 1999 2030 2063 venuste
2078 1998 2440 2076 immutatis
2473 2017 2734 2080 parem:

563 2115 840 2183 ‘Glauco
887 2121 946 2183 et
988 2117 1323 2201 Panopeae
1369 2122 1428 2184 et
1472 2118 1635 2183 Inoo
1678 2115 2107 2195 Melicertae’z
2134 2116 2359 2201 (quem
2394 2116 2735 2180 horridum

592 2253 852 2299 versum
899 2222 1453 2318 legimus'Georg.
1505 2236 1569 2313 I,
1609 2235 1798 2318 437.)
1835 2235 1964 2299 Sed
1997 2235 2216 2300 minus
2249 2236 2440 2300 recte.
2494 2235 2738 2298 Verum

592 2354 767 2419 enim
819 2354 1095 2436 legimus
1145 2354 1324 2437 apud
1370 2354 1781 2419 Macrobium
1832 2353 2099 2418 Saturn.
2148 2353 2221 2431 V,
2281 2354 2401 2417 17:
2464 2353 2738 2433 „Versus

592 2473 690 2537 est
735 2471 1109 2551 Parthenii,
1161 2491 1294 2556 quo
1342 2472 1772 2554 grammatico
1821 2472 1890 2536 in
1938 2471 2198 2537 Graecis
2232 2471 2548 2553 Vergilius
2582 2490 2740 2536 usus

592 2591 723 2668 est,
792 2601 1018 2677 Γλαύκῳ
1045 2600 1133 2657 καὶ
1168 2600 1361 2675 Νηρεῖ
1390 2600 1477 2657 καὶ
1508 2598 1679 2676 Ἰνώῳ
1732 2598 2079 2677 Μελικέρτῃ.”
2175 2590 2306 2654 ΡῙὈ
2349 2598 2538 2675 Νηρεῖ
2576 2590 2737 2655 Mei-

472 2752 479 2757 ·
591 2708 757 2774 neke
804 2710 978 2774 recte
1027 2718 1223 2795 Νηρῆὶ·
1260 2709 1546 2774 restituit
1591 2728 1671 2773 ex
1709 2709 2183 2791 epigrammate
2217 2708 2469 2773 decimo
2502 2708 2737 2791 quinto

590 2829 861 2894 Luciani
928 2829 996 2893 in
1063 2828 1374 2893 Brunckii
1417 2828 1609 2893 Anal.
1660 2828 1719 2893 II
1767 2848 1833 2910 p.
1889 2827 2012 2892 311
2045 2878 2060 2905 ‚
2114 2825 2229 2891 ubi
2274 2826 2510 2907 legitur
2552 2835 2736 2909 Νηρῆι

588 2980 673 3017 και
715 2956 887 3034 Ἰνώῳ.
984 2945 1119 3013 Cur
1188 2947 1479 3013 Jacobitz
1548 2947 1617 3011 in
1681 2966 1804 3012 sua
1850 2945 2123 3010 Luciani
2170 2944 2458 3012 editione,
2501 2942 2576 3007 Ρ.
2625 2943 2735 3031 111,

590 3089 654 3153 p.
731 3068 867 3134 466
938 3067 1153 3150 Epigr.
1235 3066 1357 3131 34:
1408 3077 1634 3152 Γλαύκῳ
1665 3076 1752 3132 καὶ
1799 3074 1989 3149 Νηρεῖ
2019 3072 2106 3130 καὶ
2145 3072 2286 3130 Ἰνοῖ
2317 3070 2402 3129 καὶ
2444 3072 2747 3146 Μελικέρτῃ

590 3187 952 3271 scripserit,
1003 3206 1140 3251 non
1188 3185 1507 3269 intellego.

682 3426 830 3491 Jam
891 3426 1228 3491 videamus
1277 3424 1358 3487 de
1405 3420 1710 3488 Cornelio
1759 3420 1963 3486 Gallo.
2063 3418 2180 3484 Ille
2227 3417 2424 3501 poeta
2464 3414 2738 3480 Foroiu-

584 3544 810 3610 iiensis
838 3542 893 3629 ¹)
945 3564 1081 3610 non
1128 3543 1341 3607 solum
1393 3538 1498 3627 (ut
1546 3558 1627 3604 ex
1672 3538 1987 3604 Diomede
2036 3537 2149 3602 lib.
2201 3534 2288 3600 III
2337 3553 2400 3617 p.
2446 3533 2623 3612 482,
2665 3532 2735 3609 3,

592 3663 817 3729 Servio
890 3664 976 3729 ad
1040 3660 1303 3743 Vergilii
1364 3659 1497 3725 Ecl.
1563 3654 1646 3722 VI
1666 3707 1683 3738 ,
1756 3658 1840 3722 72
1864 3705 1880 3736 ‚
1944 3654 2165 3721 Probo
2228 3652 2314 3717 ad
2362 3652 2549 3732 Verg.
2602 3650 2736 3716 Ecl.

590 3780 685 3861 X,
738 3782 825 3846 50
876 3782 942 3847 et
985 3779 1245 3844 Donato
1292 3778 1418 3842 Vit.
1451 3776 1636 3856 Verg.
1675 3775 1777 3841 X:
1812 3775 1897 3840 38
1933 3771 2271 3857 discimus)
2303 3768 2739 3853 Euphorionis

590 3900 883 3965 carmina
967 3900 1035 3963 in
1106 3916 1476 3962 sermonem
1547 3894 1859 3959 Latinum
1930 3891 2266 3958 transtulit
2327 3888 2598 3973 ejusque
2668 3887 2737 3951 in

582 4017 931 4083 scribendo
994 4018 1257 4082 secutus
1320 4015 1604 4080 colorem
1664 4012 1936 4088 videtur,
1990 4010 2106 4075 sed
2153 4009 2351 4075 etiam
2401 4000 2739 4073 Parthenii

580 4275 594 4281 ’
664 4264 699 4325 ¹)
754 4257 838 4314 Cf.
873 4256 1167 4329 Hieronyn.
1206 4256 1403 4311 Chron.
1442 4271 1485 4309 a.
1524 4252 1652 4308 Abr.
1691 4250 1834 4307 1990
1877 4273 1933 4301 =
1973 4247 2078 4308 728
2117 4265 2162 4303 a.
2201 4264 2254 4301 u.
2291 4262 2340 4305 c.
