3392 5292
1605 607 1690 671 39

571 823 887 899 coermen‘',
973 823 1153 905 quod
1225 822 1466 889 durum
1537 824 1739 904 atque
1801 822 2108 905 jeJunum
2173 824 2286 888 est.
2388 824 2725 907 Ejusmodi

569 943 714 1008 loco
772 942 1061 1006 contenti
1109 959 1248 1006 esse
1295 941 1644 1019 debemuS,
1700 940 1756 1005 si
1800 941 2197 1006 sententiam
2244 942 2724 1024 propemodum

568 1061 858 1126 indicare
929 1078 1317 1142 possumus;
1381 1060 1604 1144 itaque
1651 1058 1953 1125 Ribbeck
1999 1080 2151 1125 vero
2200 1060 2537 1143 proximus
2586 1079 2724 1125 esse

568 1177 728 1242 mihi
799 1178 1056 1245 videtur
1124 1178 1447 1258 scrihenS,
1524 1179 1600 1243 ut
1668 1196 1872 1260 supra
1941 1197 2206 1244 versum
2268 1177 2721 1244 laudavimus:

579 1297 880 1380 »Iamque
938 1317 1078 1363 mea
1136 1296 1387 1363 ratione
1439 1295 1840 1381 indiynumst
1885 1317 2184 1380 quaerere
2230 1296 2497 1363 carmen’
2511 1295 2527 1321 '
2577 1316 2721 1361 ver-

568 1434 779 1498 suque
851 1416 1150 1498 proximo
1222 1415 1620 1482 vocabulum
1685 1437 1847 1500 quac
1894 1417 2199 1481 retinens.
2298 1414 2715 1498 Exemplum,

566 1534 746 1617 quod
793 1534 1021 1613 attuli,
1073 1534 1345 1600 rationis
1393 1554 1433 1601 a
1481 1534 1646 1601 Ciris
1695 1538 1963 1601 auctore
2005 1536 2071 1599 in
2110 1534 2371 1600 Catullo
2403 1535 2724 1599 imitando

565 1653 949 1718 observatae
1035 1671 1250 1736 neque
1340 1654 1610 1718 unicum
1681 1672 1899 1737 neque
1972 1652 2530 1719 exstantissimum
2603 1654 2716 1717 est.

507 1776 516 1781 '
568 1771 816 1855 Nempe
886 1772 1111 1854 negari
1183 1792 1318 1838 non
1386 1773 1603 1854 potest
1658 1774 1926 1855 poetam
1975 1774 2186 1837 totum
2239 1770 2405 1838 Ciris
2454 1790 2722 1836 carmen

568 1892 661 1957 ita
708 1892 1185 1973 composuisse,
1247 1892 1360 1956 aut
1391 1890 1674 1957 alterum
1708 1892 1897 1975 quasi
1928 1890 2443 1974 Epithalamium
2483 1889 2723 1955 Catulli

566 2009 757 2075 nobis
835 2010 903 2074 in
982 2024 1222 2075 manus
1301 2009 1663 2076 tradatur''.
1718 2010 1768 2094 ¹)
1870 2009 2169 2074 Primum
2240 2011 2465 2074 autem
2535 2007 2723 2073 facile

565 2129 942 2210 agnoscitur
989 2129 1388 2211 episodium,
1440 2148 1574 2212 quo
1622 2129 1819 2211 poeta
1867 2127 2033 2194 Ciris
2079 2127 2350 2211 peplum
2388 2125 2720 2192 Panathe-

565 2247 831 2312 naicum
903 2248 1228 2314 describat
1301 2245 1404 2333 (cf.
1487 2267 1558 2312 vs
1632 2243 1982 2334 22-35),
2057 2247 2327 2316 omnino
2375 2245 2719 2311 exaratum

564 2385 706 2430 esse
752 2366 839 2431 ad
886 2366 1391 2432 similitudinum
1438 2365 1610 2431 illius
1659 2365 2054 2447 Catulliani,
2105 2385 2239 2449 quo
2280 2365 2395 2430 illa
2426 2364 2719 2446 stragula

565 2484 895 2551 Ariadnae
963 2484 1118 2550 fatis
1188 2484 1458 2567 insignis
1529 2484 1939 2567 depingatur.
2028 2482 2219 2571 (Vide
2268 2503 2533 2548 carmen
2583 2482 2709 2549 64:

565 2601 935 2690 50—264).
1038 2603 1214 2682 Quin
1288 2603 1488 2668 etiam
1559 2603 1791 2667 eodem
1839 2602 1973 2668 fere
2018 2603 2255 2682 mod0,
2305 2620 2439 2684 quo
2488 2602 2719 2665 auctor

565 2720 729 2786 Ciris
801 2741 871 2786 vs
936 2723 1029 2787 36
1095 2720 1273 2806 (Tali
1343 2725 1402 2786 te
1470 2719 1688 2786 vellem
1704 2768 1719 2797 ,
1789 2722 2099 2804 juvenum
2145 2719 2499 2785 doctissime
2518 2770 2533 2795 ,
2583 2719 2718 2784 ritu

562 2839 715 2925 etc.)
766 2840 852 2905 ad
900 2840 1310 2923 propositum
1357 2840 1739 2915 revertitur,
1807 2837 2105 2904 Catullus
2156 2838 2331 2902 unde
2388 2838 2717 2919 digressus

566 2959 698 3028 est,
795 2958 968 3023 redit
1059 2978 1135 3023 vs
1207 2958 1344 3023 265-
1416 2954 1712 3044 (Talibus
1779 2956 2102 3039 amplicifc
2166 2957 2355 3023 vestis
2422 2955 2718 3021 decorata

560 3075 837 3164 fiyuris).
940 3077 1105 3143 Cum
1181 3076 1293 3143 illa
1364 3075 1739 3142 Catulliana
1808 3075 2186 3141 narratione
2257 3074 2339 3140 de
2385 3074 2715 3139 Ariadnae

559 3195 712 3261 fatis
784 3198 1013 3261 nostra
1059 3195 1284 3261 fabula
1331 3195 1415 3259 de
1462 3194 1680 3279 Scylla
1728 3195 1973 3260 mirum
2020 3195 2348 3277 quantum
2394 3194 2715 3276 congruit.

560 3315 853 3397 Utraque
925 3314 1146 3397 puella
1215 3314 1336 3379 viri
1408 3311 1735 3398 peregrini
1805 3333 2029 3379 amore
2099 3315 2399 3396 permota
2460 3314 2717 3395 patrem

559 3433 780 3515 prodit
849 3434 914 3497 et
961 3434 1191 3516 postea
1239 3452 1280 3497 a
1327 3432 1465 3498 viro
1513 3432 1736 3498 amato
1786 3432 2129 3497 deseritur.
2226 3432 2454 3514 Neque
2502 3431 2717 3495 solum

560 3552 902 3634 utriusque
948 3551 1213 3617 fabulae
1261 3551 1534 3618 historia
1581 3552 1696 3617 sed
1733 3552 1933 3618 etiam
1964 3551 2234 3630 moduS,
2270 3568 2404 3633 quo
2438 3552 2715 3631 uterque

559 3672 753 3751 poeta
825 3670 1120 3736 fabulam
1190 3689 1383 3735 suam
1452 3671 1791 3745 tractavit,
1862 3688 2173 3750 magnam
2220 3667 2716 3734 similitudinem

559 3787 777 3853 habet.
877 3787 1048 3853 Cum
1110 3789 1307 3871 poeta
1355 3787 1520 3854 Ciris
1569 3788 1839 3853 tradidit
1885 3786 2171 3870 Scyllam
2216 3786 2503 3851 Minoem
2557 3805 2713 3869 pro-

557 3906 942 3987 spicientem
1011 3925 1237 3971 amore
1301 3905 1753 3980 exardescere,
1807 3902 2021 3970 facere
2068 3921 2203 3967 non
2252 3903 2498 3986 potest,
2552 3903 2713 3985 quin

557 4025 922 4106 episodium
969 4025 1051 4089 de
1099 4024 1362 4091 Amoris
1407 4024 1703 4107 potentia
1752 4022 2028 4100 inserat,
2078 4022 2274 4105 plane
2306 4022 2382 4088 ut
2414 4021 2713 4087 Catullus

629 4292 667 4351 ι)
707 4286 788 4342 cf.
831 4286 1004 4359 Sillig.
1042 4287 1164 4343 Vol.
1201 4286 1283 4343 IV
1319 4305 1438 4361 pag.
1476 4288 1580 4343 156
1616 4287 1871 4344 edit-ionis
1895 4286 2121 4358 Vergilii
2145 4286 2446 4343 Heinianac
2474 4291 2711 4359 quartae.
