3392 5292
1751 586 1838 650 96

920 803 993 862 Et
1034 803 1250 863 validas
1292 800 1491 861 docuit
1529 799 1681 859 vires
1723 813 2137 857 mansuescere
2177 794 2366 869 tigris,

919 908 1019 968 Ille
1059 907 1236 968 etiam
1277 905 1440 965 divos
1481 902 1753 963 homines
1800 933 1869 943 —
1916 899 2020 960 sed
2064 898 2257 959 dicere
2302 903 2674 973 magnumst,

925 1012 1089 1073 Idem
1128 1018 1256 1071 tum
1294 1008 1475 1069 tristis
1516 1007 1764 1068 acuebat
1804 1005 2080 1083 parvulus
2122 1003 2258 1063 iras.

918 1116 1157 1176 lunonis
1198 1133 1475 1190 magnae,
1521 1112 1686 1172 cuius
1730 1109 1984 1188 periuria
2025 1108 2190 1168 divae

922 1219 1080 1280 Olim
1128 1239 1192 1280 se
1232 1219 1577 1291 meminere,
1623 1216 1724 1275 diu
1765 1214 1999 1292 periura
2041 1212 2235 1290 puella

932 1325 985 1385 N
991 1344 1069 1385 on
1107 1324 1250 1384 nulli
1290 1323 1460 1383 liceat
1499 1322 1815 1381 violaverat
1854 1318 2039 1378 inscia
2081 1318 2300 1377 sedem.

792 1473 902 1535 (Vs.
951 1468 1053 1523 135
1107 1467 1271 1522 eciam
1305 1465 1399 1520 ille
1435 1465 1490 1520 H
1529 1472 1556 1530 n
1594 1482 1671 1519 νε.
1715 1464 1816 1520 136
1855 1462 2020 1534 vires]
2055 1462 2224 1516 victas
2266 1459 2314 1514 L
2352 1476 2383 1513 a
2429 1460 2439 1529 Ι
2494 1456 2664 1529 tygris
2703 1456 2755 1511 Β.
2790 1458 2872 1528 ty-

720 1580 843 1635 gres
890 1562 938 1617 L
978 1570 1005 1627 ΙΙ
1047 1581 1125 1621 νε.
1164 1562 1267 1637 1:218
1318 1566 1434 1616 tum
1477 1561 1675 1633 tristis]
1715 1578 1836 1616 cum
1869 1558 2076 1632 superis
2108 1556 2156 1611 L
2193 1574 2224 1611 a
2272 1557 2283 1629 Ι
2329 1553 2548 1628 patulus
2585 1552 2643 1606 H
2676 1571 2723 1607 m
2755 1552 2787 1606 1
2829 1561 2855 1618 ΙΙ

725 1676 798 1714 νε.
839 1658 941 1713 140
977 1659 1215 1731 peritura
1257 1657 1305 1712 L
1348 1656 1360 1729 Ι
1410 1656 1587 1730 puella
1624 1655 1681 1710 H
1722 1675 1769 1710 m
1806 1655 1871 1710 2:
1912 1653 2162 1728 puell<a)e
2199 1652 2246 1706 O
2287 1658 2312 1716 ΙΙ
2354 1669 2430 1705 νε.
2472 1649 2575 1705 141
2611 1646 2768 1702 Nulli
2789 1653 2876 1709 (om

722 1761 850 1818 non)
886 1751 934 1807 L
968 1752 1095 1808 Non
1133 1752 1269 1808 nulli
1300 1753 1349 1806 A
1389 1750 1446 1805 H
1484 1750 1536 1806 R
1584 1762 1591 1817 Ι
1638 1750 1823 1805 lictam
1856 1754 2126 1823 (nepa-aser.
2157 1768 2219 1803 m.
2259 1748 2290 1803 1
2330 1746 2588 1831 relictam)
2636 1743 2685 1798 L
2720 1741 2882 1797 liceat

725 1850 774 1903 A
811 1848 867 1903 H
902 1848 992 1912 R).

817 1992 1093 2057 Summo
1157 1992 1307 2075 jure
1376 1991 1549 2057 Clar.
1613 1991 1944 2057 Baehrens
1994 2009 2087 2055 VS.
2145 1990 2274 2053 135
2325 2007 2447 2071 pro
2487 1986 2872 2071 dormitare,

711 2104 904 2193 'quod
951 2110 1245 2175 Ribbeck
1291 2111 1608 2193 scriptum
1658 2109 1827 2187 vult,
1883 2109 2189 2174 domitam
2235 2107 2545 2190 reposuit.
2623 2104 2879 2169 Etenim

726 2229 1039 2293 Amorem
1097 2229 1318 2293 leones
1367 2228 1651 2293 dormire
1701 2229 2028 2305 docuisse,
2084 2246 2321 2311 parum
2368 2223 2712 2309 probabile
2761 2221 2876 2287 est.

726 2345 877 2411 Non
945 2345 1070 2410 hoc
1141 2347 1418 2411 verbum
1488 2349 1712 2412 tamen
1783 2348 1852 2411 in
1899 2346 2140 2411 mendo
2181 2346 2389 2429 jacet,
2444 2344 2559 2408 sed
2607 2342 2880 2407 verbum

728 2462 941 2530 docuit
985 2482 1179 2528 versu
1227 2465 1547 2547 sequenti.
2817 2542 2828 2567 ι

822 2581 1073 2665 Nempe
1136 2582 1339 2649 Amor
1399 2581 1611 2649 docuit
1658 2582 1861 2650 leones
1909 2582 2217 2649 domitare
2262 2581 2536 2666 perinde
2585 2580 2756 2644 esset
2805 2598 2880 2645 ac

730 2701 785 2766 si
854 2701 1133 2766 diceres:
1207 2700 1514 2768 domitam
1582 2700 1788 2769 leones
1859 2702 2026 2767 docti
2093 2705 2248 2767 sunt
2293 2700 2373 2765 ab
2427 2699 2703 2780 Amorc,·
2749 2718 2882 2782 quo

730 2838 891 2885 sane
960 2816 1119 2884 nihil
1194 2821 1292 2885 est
1362 2820 1567 2901 magis
1641 2820 2010 2885 ridiculum.
2109 2820 2386 2898 Βοοιαε,
2436 2819 2617 2901 quod
2671 2817 2884 2883 Baeh-

733 2957 882 3002 rens
951 2938 1242 3020 scripsit,
1315 2938 1652 3003 meliorem
1723 2938 2329 3022 interpretationem
2390 2936 2713 3013 admittit,
2765 2934 2882 3000 sed

732 3057 915 3120 notio
963 3055 1242 3120 docendi
1288 3055 1439 3119 huic
1486 3055 1631 3119 loco
1679 3074 1816 3120 non
1864 3056 2187 3120 convenit.
2266 3053 2479 3120 Credo
2528 3053 2880 3135 legendum

734 3192 873 3238 esse
924 3171 1129 3238 valuit
1175 3174 1375 3256 atque
1421 3172 1816 3237 vocabulum
1865 3174 2261 3238 antecedens
2309 3172 2560 3238 validas
2606 3190 2878 3255 corrup-

734 3292 901 3357 telae
949 3310 1180 3356 ansam
1220 3291 1501 3356 dedisse.
1600 3290 1771 3355 Nam
1817 3291 2048 3356 dubito
2099 3311 2260 3356 num
2308 3292 2504 3373 poeta
2545 3288 2875 3372 scripserit

733 3408 983 3475 validas
1027 3410 1218 3485 vires,
1271 3410 1425 3491 quia
1474 3409 1599 3474 hoc
1646 3409 2019 3489 languidius
2067 3409 2314 3474 dictum
2365 3409 2551 3473 esset.
2633 3405 2876 3471 Procul

734 3528 938 3593 dubio
1010 3528 1237 3611 Heyne
1310 3528 1541 3611 poetae
1601 3535 1875 3594 inanum
1925 3528 2207 3592 restituit
2256 3529 2546 3593 scribens
2590 3524 2882 3603 rabidam,

735 3647 915 3730 quod
962 3646 1222 3730 saepius
1269 3666 1420 3712 cum
1467 3648 1719 3714 validas
1749 3648 2187 3731 confunditur.
2261 3649 2358 3715 Cf.
2395 3649 2560 3715 Ciris
2595 3622 2685 3713 vs.
2729 3647 2883 3712 164.

738 3764 909 3829 Cum
971 3766 1194 3830 autem
1255 3753 1517 3831 rabidas
1588 3768 1899 3850 proximis
1946 3768 2147 3833 literis
2194 3769 2299 3835 val
2345 3769 2499 3833 illuc
2550 3766 2770 3832 relatis
2819 3766 2885 3830 in

736 3880 986 3947 validas
1032 3876 1325 3961 abiisset,
1382 3904 1607 3949 versus
1632 3905 1751 3968 per
1775 3885 1986 3952 docuit
2009 3884 2352 3971 suppletus‘
2376 3888 2493 3951 est.
2546 3887 2886 3969 Mansues-

738 3999 926 4064 cendi
977 4000 1249 4065 verbum
1297 4002 1506 4067 activa
1553 4003 2026 4084 significatione
2073 4005 2334 4088 saepius
2365 4004 2524 4087 poni
2556 4002 2888 4068 Baehrens

626 4134 633 4139 ·
741 4118 1039 4201 pluribus
1087 4118 1451 4185 illustravit.

834 4232 1037 4297 Versu
1096 4235 1221 4299 137
1277 4234 1579 4300 Heinsius
1627 4257 1747 4320 pro
1792 4236 2069 4303 homines
2116 4239 2394 4321 conjecit
2425 4260 2670 4316 omneS,
2709 4258 2880 4324 quae

3289 3229 3303 3354 ⁸·-
3291 1783 3310 3214 ——nffl-u-
3295 1397 3306 1750 ro———-
3297 1285 3303 1375 -——-—
3293 404 3306 1233 —-—-—-——-—-u———
