3392 5292
1664 560 1752 622 88

706 771 823 835 (Vs.
863 770 930 825 12
967 768 1200 842 perferre
1233 767 1414 824 valent
1448 784 1620 839 genus
1654 784 1812 823 omne
1848 785 1879 826 ς
1917 774 1943 833 ΙΙ
1981 785 2058 823 νε.
2098 768 2166 823 13
2201 766 2331 822 secli
2367 768 2418 821 A
2457 767 2504 822 L
2543 774 2569 832 ΙΙ
2608 783 2682 821 νε.
2721 766 2790 820 14

638 884 755 922 mea
789 865 845 919 H
882 884 928 920 m
965 865 996 919 2
1047 868 1055 933 Ι
1105 882 1338 919 summas
1375 863 1433 918 Η
1468 882 1514 918 m
1554 864 1586 918 2
1635 864 1646 935 Ι
1693 862 1956 937 patientia
1991 862 2039 918 L
2075 864 2129 918 R
2164 863 2434 934 paciencia
2469 864 2518 917 A
2579 864 2592 932 Ι
2646 879 2792 917 arces

634 962 748 1018 edd.
782 967 903 1017 ant:
944 963 1085 1015 artes
1121 961 1168 1014 O
1207 978 1326 1014 arce
1360 962 1503 1026 vulqo
1542 965 1568 1023 ΙΙ
1607 977 1683 1013 νε.
1727 960 1788 1013 15
1826 958 2071 1028 Quatuor
2105 960 2152 1013 O
2198 959 2208 1030 Ι
2243 964 2361 1029 post
2393 957 2628 1030 antiquis
2647 959 2792 1029 vulyo

637 1075 773 1130 quae
824 1065 850 1123 ΙΙ
908 1075 982 1111 vs.
1021 1055 1089 1115 17
1142 1055 1419 1128 Dispicere
1448 1054 1502 1108 H
1555 1055 1564 1127 Ι
1614 1054 1842 1109 humiles
1879 1056 1928 1109 A
1964 1052 2012 1108 L
2059 1054 2072 1126 Ι
2117 1072 2327 1127 possem
2362 1056 2540 1125 vulqo:
2576 1069 2791 1124 possum

637 1155 696 1211 R
731 1154 779 1210 L
814 1153 1014 1227 possim
1048 1155 1097 1208 A
1137 1151 1188 1206 R
1234 1152 1246 1223 1
1294 1154 1670 1222 contempnere
1703 1151 1752 1204 A
1789 1148 1846 1204 H
1881 1156 1908 1215 ΙΙ
1945 1167 2023 1204 νε.
2061 1150 2131 1205 19
2171 1149 2364 1203 versim
2402 1148 2496 1213 Η).

738 1329 976 1391 Versus
1032 1326 1145 1400 12,
1210 1324 1291 1388 13
1340 1323 1535 1388 variis
1583 1323 1977 1406 conjecturis
2012 1343 2052 1388 a
2085 1323 2322 1387 criticis
2357 1324 2593 1388 tentati
2616 1325 2788 1390 sunt.

643 1446 831 1522 Mihi,
909 1463 1137 1507 verum
1213 1444 1286 1507 ut
1356 1442 1595 1518 fatear,
1674 1442 1860 1511 nulla
1934 1443 2230 1507 omnium
2302 1442 2497 1524 plane
2558 1444 2788 1525 placet.

644 1561 941 1629 Ribbeck
1006 1564 1227 1628 tamen
1286 1580 1439 1627 vero
1485 1561 1826 1643 proximus
1872 1561 2033 1625 mihi
2082 1561 2375 1637 videtur,
2428 1562 2790 1643 corrigens:

847 1769 1020 1841 Quod
1061 1768 1110 1828 si
1150 1767 1466 1828 mirificum
1508 1766 1717 1827 saeclis
1758 1766 2023 1844 proferre
2062 1768 2317 1829 valerem

847 1872 1159 1933 Mirificum
1199 1872 1405 1932 mundi
1446 1890 1631 1949 genus
1676 1890 1852 1932 omne
1893 1872 1954 1949 (o
1995 1872 2148 1931 bella
2189 1873 2368 1933 libido
2386 1872 2430 1949 1)

646 2078 761 2143 sed
826 2097 976 2161 pro·
1010 2097 1211 2162 yenus
1260 2077 1485 2142 malim
1533 2076 1756 2156 decue,
1809 2079 1988 2160 quod
2037 2078 2194 2143 olim
2241 2081 2416 2145 recte
2464 2080 2797 2146 Baehrens

648 2197 956 2280 reposuit.
1066 2195 1269 2259 „Nam
1354 2213 1503 2259 cum
1583 2194 1817 2258 mundi
1898 2195 2221 2260 vocabulo
2295 2196 2547 2277 totum,
2619 2198 2799 2279 quod

648 2334 849 2398 supra
897 2333 1016 2379 nos
1066 2312 1470 2385 extenditur,
1508 2311 1766 2376 coelum
1800 2312 2218 2393 significetur,
2252 2315 2585 2397 quomodo
2620 2316 2802 2380 varia

649 2432 791 2516 ejus
862 2451 1101 2515 genera
1172 2431 1373 2502 statui
1421 2433 1701 2513 possunt
1717 2429 1788 2495 ἵν’
1887 2431 1940 2498 Ο
2005 2431 2166 2497 bella
2212 2432 2450 2498 libido!
2507 2433 2804 2498 Ribbeck

645 2570 784 2615 non
856 2550 1187 2633 superflue
1258 2550 1482 2614 vertit:
1561 2569 1600 2614 o
1673 2546 2006 2631 reizende,
2081 2551 2500 2634 appetitliche
2578 2550 2802 2616 Phan-

652 2670 849 2735 tasie!
903 2706 993 2717 --
1043 2670 1225 2733 Idem
1276 2688 1503 2734 versus
1558 2668 1660 2745 14,
1723 2670 1804 2734 15
1856 2670 1947 2733 ita
1981 2670 2322 2734 constituit
2353 2671 2429 2736 ut
2461 2689 2574 2736 eos
2604 2689 2805 2753 supra

649 2788 1096 2867 laudavimuS,
1149 2808 1433 2871 quorum
1481 2788 1569 2852 sic
1619 2788 1906 2870 priorem
1952 2788 2180 2853 vertit:
2242 2788 2494 2854 „Wenn
2541 2790 2669 2854 mir
2700 2790 2806 2853 die

651 2907 969 2972 Weisheit
1022 2907 1263 2971 bereits
1312 2906 1431 2971 auf
1472 2907 1599 2970 den
1649 2905 1858 2989 Gipfel
1907 2906 2085 2971 ihrer
2132 2905 2308 2988 Burg
2357 2908 2547 2972 einen
2597 2908 2805 2973 festen

652 3026 860 3091 Stand
907 3022 1305 3107 gewahrte’‘.
1403 3024 1533 3089 Sed
1604 3026 1731 3090 hoc
1778 3024 1993 3090 verbis
2041 3025 2168 3089 illis
2213 3046 2343 3090 non
2397 3027 2610 3109 potuit
2634 3026 2802 3091 dici.

653 3144 891 3209 Procul
957 3143 1157 3207 dubio
1215 3144 1589 3208 Frieseman
1644 3145 1710 3208 et
1755 3144 1994 3210 Jacobs
2039 3164 2262 3209 veram
2308 3145 2654 3210 lectionem
2704 3164 2806 3210 re-

654 3264 1035 3339 stituerunt,
1115 3262 1508 3326 scribentes:
1580 3262 1657 3329 Si
1725 3262 1882 3327 mihi
1951 3264 2084 3327 iam
2151 3282 2431 3329 summas
2481 3262 2812 3345 Sapientia

598 3450 603 3455 ,
646 3380 959 3465 panderet
1031 3400 1220 3446 (ιη-σεε.
1311 3380 1518 3445 Versu
1574 3381 1874 3463 sequenti
1922 3380 2255 3446 Baehrens
2302 3382 2521 3447 minus
2570 3402 2611 3447 a
2656 3382 2804 3446 Mss.

655 3499 899 3566 recedit
946 3500 1473 3566 additamentum
1520 3520 1679 3583 quae
1719 3500 2015 3583 rejiciens
2063 3501 2127 3565 et
2174 3500 2345 3567 edita
2381 3521 2502 3584 pro
2537 3504 2627 3566 est
2655 3499 2812 3564 data

657 3619 968 3685 scribenS.
1367 3594 1369 3596 .
1929 3696 1932 3700 ,

752 3736 899 3803 Non
951 3738 1083 3814 est,
1125 3737 1305 3821 quod
1358 3756 1444 3802 νε.
1506 3739 1587 3803 17
1639 3737 1944 3821 despicere
1973 3756 2093 3820 pro
2125 3736 2436 3819 despicere
2467 3736 2809 3801 scribatur.

661 3856 825 3932 Su0,
878 3856 1438 3939 quemadmodum
1486 3857 1744 3936 dicitur,
1795 3856 2012 3937 gladio
2060 3856 2222 3921 haec
2254 3856 2632 3921 Baehrensii
2663 3874 2812 3919 sen-

661 3973 867 4039 tentia
931 3973 1167 4038 confici
1222 3975 1456 4057 potest.
1555 3973 1650 4041 Cf.
1706 3975 1846 4058 eJus
1895 3974 2252 4057 disputatio
2300 3976 2368 4038 in
2415 3973 2814 4040 Fleckeiseni

664 4091 887 4157 annal.
946 4092 1121 4157 1872
1172 4112 1237 4174 p.
1291 4093 1686 4158 833—849.

756 4211 961 4274 Versu
1042 4211 1124 4275 19
1198 4210 1457 4294 Maehly
1522 4212 1663 4276 sine
1711 4230 1912 4305 causa
1959 4211 2195 4278 idonea
2243 4233 2372 4279 non
2419 4211 2701 4295 equidem
2746 4212 2814 4277 in
