3392 5292
1593 620 1679 684 63

554 849 688 895 non
778 819 1015 895 librum
1108 834 1302 915 poeta
1379 830 1560 919 ⁸Citis
1634 834 1976 915 expilavit,
2049 834 2349 899 nondum
2420 832 2706 916 perfecta

556 950 711 1011 erat.
810 947 1112 1012 Fortasse
1175 968 1354 1013 nunc
1418 949 1655 1032 aliquis
1720 949 2065 1014 crediderit.
2130 970 2264 1015 non
2313 950 2576 1016 Gallum
2624 971 2704 1016 ex

552 1064 811 1146 Vergilii
881 1065 1281 1130 carminibus
1352 1066 1465 1130 sed
1538 1066 1892 1147 Vergilium
1956 1067 2058 1130 sui
2107 1068 2301 1131 amici
2348 1068 2702 1133 venerandi

552 1202 753 1249 causa
810 1202 885 1249 ex
934 1183 1067 1249 Ciri
1114 1185 1213 1249 tot
1260 1203 1485 1250 versus
1532 1185 1967 1269 descripsisse.
2066 1185 2197 1249 Sed
2244 1186 2532 1267 primum
2579 1185 2706 1252 hoc
2835 1206 2839 1213 ·

553 1302 816 1366 credere
889 1322 1001 1383 ea,
1075 1322 1246 1387 quae
1316 1304 1517 1368 modo
1590 1305 1671 1370 de
1744 1304 2023 1386 Vergilio
2083 1305 2389 1369 carminis
2439 1306 2710 1370 auctore

553 1420 780 1498 attuli,
853 1440 991 1486 non
1060 1422 1406 1504 patiuntur
1461 1423 1526 1487 et
1579 1424 1920 1505 praeterea
1969 1442 2206 1506 parum
2253 1423 2559 1487 credibile
2609 1425 2707 1488 est

464 1556 469 1558 ·
557 1538 940 1621 Vergilium,
1018 1541 1090 1606 ut
1124 1540 1320 1607 ‘Galli
1367 1541 1913 1606 existimationem
1962 1561 2122 1624 prae
2170 1561 2240 1607 se
2287 1541 2518 1620 ferret,
2568 1542 2707 1606 leve

552 1657 715 1723 illud
786 1676 1088 1736 carmen,
1161 1660 1341 1743 quod
1412 1660 1635 1725 Gallus
1700 1660 1963 1744 juvenis
2035 1659 2290 1725 fecisset
2323 1636 2326 1639 ⁴
2355 1658 2462 1747 (cf.
2541 1646 2748 1726 Ciris

553 1796 640 1843 vs.
715 1776 807 1841 44
876 1776 979 1861 sq)
998 1826 1014 1857 ,
1102 1778 1172 1842 in
1244 1778 1549 1843 omnibus
1624 1778 1760 1843 suis
1832 1778 2233 1843 carminibus
2306 1779 2438 1844 tam
2515 1780 2707 1844 anxie

553 1897 963 1980 expressisse.
1897 1872 1906 1879 ’

640 2016 852 2098 Eglini
900 2018 1259 2096 sententia,
1313 2018 1509 2083 unius
1557 2018 1714 2096 viri,
1769 2018 1948 2100 quod
1996 2018 2201 2083 sciam
2221 2064 2237 2096 ,
2287 2017 2404 2100 qui
2435 2016 2702 2082 Catullo

552 2132 730 2200 Cirin
801 2136 1064 2216 tribuit,
1140 2136 1320 2202 omni
1392 2135 1825 2202 fundamento
1877 2136 2191 2201 destituta
2240 2137 2371 2215 est,
2436 2137 2509 2201 ut
2559 2136 2701 2201 luce

550 2252 787 2319 clarius
835 2256 1110 2338 apparet
1143 2275 1223 2320 ex
1244 2256 1342 2336 iis,
1369 2275 1541 2339 quae
1565 2257 1892 2322 Schrader
1915 2274 2064 2339 pag.
2091 2255 2182 2320 46
2209 2274 2350 2339 sqq.
2379 2255 2699 2338 exposuit.

640 2373 912 2438 Praeter
973 2374 1096 2439 hos
1156 2375 1389 2439 iisdem
1437 2374 1570 2441 fere
1606 2374 2023 2459 'temporibus
2065 2375 2208 2459 jam
2255 2373 2540 2454 fuerunt,
2591 2374 2704 2457 qui

548 2490 771 2572 ignoto
821 2493 1055 2575 poetae
1104 2491 1281 2558 Cirin
1335 2494 1623 2559 tribuere
1668 2495 1874 2559 satius
1923 2494 2262 2572 duxerint,
2313 2512 2516 2577 quam
2551 2512 2704 2558 sen-

549 2610 821 2675 tentiam
892 2612 1092 2695 Sillig.
1171 2632 1321 2696 pag.
1403 2613 1532 2678 153
1608 2615 1748 2678 tam
1792 2612 2207 2696 probabilem
2255 2611 2577 2692 reddidit,
2630 2611 2706 2675 ut

549 2745 725 2792 nunc
763 2747 991 2794 omnes
1014 2729 1252 2794 eruditi
1278 2730 1337 2793 ei
1363 2730 1826 2795 assentiantur.
1899 2729 1995 2795 Ac
2029 2703 2187 2794 sane
2221 2748 2362 2793 rem
2394 2730 2460 2795 in
2486 2729 2704 2793 medio

548 2848 913 2932 relinquere
960 2850 1285 2932 optimum
1324 2849 1466 2914 erit.
1541 2848 1786 2912 Verum
1817 2848 1993 2912 enim
2025 2846 2332 2912 carminis
2365 2847 2704 2911 auctorem

545 2966 856 3031 Latinum
929 2986 1155 3032 eruere
1226 2966 1469 3033 frustra
1537 2965 1915 3046 conaberiS,
1969 2966 2162 3047 quod
2198 2965 2574 3030 testimonia
2621 2982 2698 3029 ac

548 3083 943 3150 documenta
1023 3085 1181 3150 satis
1261 3085 1478 3151 valida
1555 3084 1888 3168 deficiunt.
1987 3083 2128 3148 Hoc
2209 3085 2471 3149 tantum
2550 3102 2702 3147 cum

547 3202 768 3286 aliqua
833 3203 1297 3287 probabilitate
1361 3204 1577 3278 statui,
1610 3224 1801 3288 posse
1849 3204 2136 3283 videtur,
2197 3204 2461 3286 poetam
2509 3200 2705 3266 fuisse

547 3342 757 3389 unum
820 3343 901 3388 ex
961 3322 1075 3389 illa
1139 3325 1335 3390 docta
1390 3325 1693 3405 cohorte,
1745 3324 1934 3408 cujus
1982 3324 2207 3388 orator
2253 3320 2698 3386 nobilissimus

545 3443 631 3509 M.
681 3444 976 3508 Valerius
1016 3444 1319 3509 Messalla
1349 3442 1673 3509 Corvinus
1706 3443 1968 3525 elegans
2002 3461 2078 3507 ac
2112 3442 2344 3506 doctus
2376 3441 2696 3524 patronus

547 3563 610 3626 et
659 3560 962 3627 Tibullus
1008 3561 1302 3627 omnium
1344 3564 1629 3627 maxime
1673 3561 1950 3627 eximius
1981 3562 2176 3644 poeta
2210 3559 2471 3624 fuerint.
2524 3557 2702 3623 Haec

547 3681 723 3745 enim
790 3681 1114 3747 sententia
1185 3702 1263 3747 eo
1313 3682 1667 3765 probatur,
1717 3682 1898 3765 quod
1946 3683 2142 3763 poeta
2189 3697 2455 3744 carmen
2504 3696 2700 3743 suurn

546 3799 884 3865 Messallae
922 3801 1247 3885 juvenum
1295 3801 1667 3866 doctissimo
1721 3798 1830 3887 (cf.
1883 3819 1972 3865 vs,
2025 3800 2135 3880 54,
2191 3800 2306 3881 36)
2356 3800 2696 3865 dedicavit.

640 3916 789 3996 Quo
835 3918 961 3982 sub
1007 3918 1275 3983 nomine
1321 3919 1622 3984 Messalla
1670 3919 1895 3984 tamen
1927 3937 2063 3983 non
2094 3918 2572 3999 intellegendus
2607 3919 2703 3983 est

547 4036 770 4100 orator
838 4036 981 4117 ille,
1052 4056 1252 4121 quem
1321 4038 1520 4103 modo
1592 4038 1908 4113 diximuS,
1979 4036 2093 4101 sed
2141 4035 2314 4101 filius
2364 4036 2542 4120 ejuS,
2596 4036 2702 4100 cui

546 4172 911 4236 cognomen
980 4156 1328 4223 Messalino
1398 4156 1567 4233 erat,
1647 4156 1902 4222 consuli
1949 4156 2110 4221 anni
2166 4156 2293 4221 751
2355 4174 2415 4220 u.
2473 4173 2529 4219 c.
2587 4152 2697 4241 (cf.

547 4270 798 4337 Teuffel
847 4275 913 4338 in
961 4273 1168 4359 Pauly
1218 4276 1382 4340 Real
1429 4274 1688 4359 Encycl.
1739 4275 1822 4339 VI
1872 4276 1911 4339 2
1956 4294 2102 4358 pag.
2143 4272 2383 4361 2657.)
2435 4273 2696 4339 Etenim
