<?xml version="1.0" encoding="UTF-8"?>
<!DOCTYPE html PUBLIC "-//W3C//DTD XHTML 1.0 Transitional//EN"
    "http://www.w3.org/TR/xhtml1/DTD/xhtml1-transitional.dtd">
<html xmlns="http://www.w3.org/1999/xhtml" xml:lang="en" lang="en">
 <head>
  <title>
</title>
<meta http-equiv="Content-Type" content="text/html;charset=utf-8" />
  <meta name='ocr-system' content='tesseract 3.04.00' />
  <meta name='ocr-capabilities' content='ocr_page ocr_carea ocr_par ocr_line ocrx_word'/>
</head>
<body>
  <div class='ocr_page' id='page_1' title='image "./prolegomenainci00kreugoog_0111.png"; bbox 0 0 3392 5292; ppageno 0'>
   <div class='ocr_carea' id='block_1_1' title="bbox 1536 652 1621 714">
    <p class='ocr_par' dir='ltr' id='par_1_1' title="bbox 1536 652 1621 714">
     <span class='ocr_line' id='line_1_1' title="bbox 1536 652 1621 714; baseline 0.012 -1"><span class='ocrx_word' id='word_1_1' title='bbox 1536 652 1621 714; x_wconf 87' lang='lat'><strong>99</strong></span> 
     </span>
    </p>
   </div>
   <div class='ocr_carea' id='block_1_2' title="bbox 481 864 2653 1191">
    <p class='ocr_par' dir='ltr' id='par_1_2' title="bbox 481 864 2653 1191">
     <span class='ocr_line' id='line_1_2' title="bbox 481 864 2645 956; baseline -0.005 -20"><span class='ocrx_word' id='word_1_2' title='bbox 481 878 487 883; x_wconf 82' lang='grc'><em>“</em></span> <span class='ocrx_word' id='word_1_3' title='bbox 594 872 723 936; x_wconf 92' lang='lat' dir='ltr'><strong>Pro</strong></span> <span class='ocrx_word' id='word_1_4' title='bbox 772 870 1022 953; x_wconf 69' lang='lat' dir='ltr'><strong>coquita</strong></span> <span class='ocrx_word' id='word_1_5' title='bbox 1072 866 1189 956; x_wconf 85' lang='lat' dir='ltr'><strong>(vs.</strong></span> <span class='ocrx_word' id='word_1_6' title='bbox 1249 867 1413 955; x_wconf 88' lang='grc'>169)</span> <span class='ocrx_word' id='word_1_7' title='bbox 1464 866 1798 931; x_wconf 83' lang='lat' dir='ltr'><strong>Baehrens</strong></span> <span class='ocrx_word' id='word_1_8' title='bbox 1830 868 2075 948; x_wconf 80' lang='lat' dir='ltr'><strong>optime</strong></span> <span class='ocrx_word' id='word_1_9' title='bbox 2101 866 2350 931; x_wconf 77' lang='lat' dir='ltr'><strong>coccina</strong></span> <span class='ocrx_word' id='word_1_10' title='bbox 2373 864 2645 945; x_wconf 81' lang='lat' dir='ltr'>scripsit.</span> 
     </span>
     <span class='ocr_line' id='line_1_3' title="bbox 502 984 2653 1070; baseline -0.006 -15"><span class='ocrx_word' id='word_1_11' title='bbox 502 990 810 1065; x_wconf 69' lang='lat' dir='ltr'><strong>Servam,</strong></span> <span class='ocrx_word' id='word_1_12' title='bbox 900 1005 1305 1070; x_wconf 87' lang='lat' dir='ltr'><strong>quamquam</strong></span> <span class='ocrx_word' id='word_1_13' title='bbox 1378 1004 1495 1067; x_wconf 92' lang='lat' dir='ltr'><strong>per</strong></span> <span class='ocrx_word' id='word_1_14' title='bbox 1564 1005 1635 1049; x_wconf 90' lang='lat' dir='ltr'><strong>se</strong></span> <span class='ocrx_word' id='word_1_15' title='bbox 1709 986 1921 1068; x_wconf 80' lang='lat' dir='ltr'><strong>potest</strong></span> <span class='ocrx_word' id='word_1_16' title='bbox 1993 984 2314 1064; x_wconf 84' lang='lat' dir='ltr'><strong>intellegi,</strong></span> <span class='ocrx_word' id='word_1_17' title='bbox 2391 984 2653 1045; x_wconf 85' lang='lat' dir='ltr'><strong>mutare</strong></span> 
     </span>
     <span class='ocr_line' id='line_1_4' title="bbox 501 1107 1158 1191; baseline -0.003 -20"><span class='ocrx_word' id='word_1_18' title='bbox 501 1107 726 1173; x_wconf 85' lang='lat' dir='ltr'><strong>malim</strong></span> <span class='ocrx_word' id='word_1_19' title='bbox 773 1107 840 1172; x_wconf 91' lang='lat' dir='ltr'><strong>in</strong></span> <span class='ocrx_word' id='word_1_20' title='bbox 888 1111 1158 1191; x_wconf 72' lang='lat' dir='ltr'><strong>qestans.</strong></span> 
     </span>
    </p>
   </div>
   <div class='ocr_carea' id='block_1_3' title="bbox 1293 1241 1850 1360">
    <p class='ocr_par' dir='ltr' id='par_1_3' title="bbox 1293 1241 1850 1360">
     <span class='ocr_line' id='line_1_5' title="bbox 1293 1241 1850 1360; baseline 0 -2"><span class='ocrx_word' id='word_1_21' title='bbox 1293 1241 1411 1358; x_wconf 77' lang='lat' dir='ltr'><strong>Vs.¹</strong></span> <span class='ocrx_word' id='word_1_22' title='bbox 1454 1266 1850 1360; x_wconf 69' lang='lat'><strong>223-224.</strong></span> 
     </span>
    </p>
   </div>
   <div class='ocr_carea' id='block_1_4' title="bbox 699 1459 2626 1642">
    <p class='ocr_par' dir='ltr' id='par_1_4' title="bbox 699 1459 2626 1642">
     <span class='ocr_line' id='line_1_6' title="bbox 700 1459 2176 1538; baseline 0 -18"><span class='ocrx_word' id='word_1_23' title='bbox 700 1460 955 1538; x_wconf 88' lang='lat' dir='ltr'>Corripit</span> <span class='ocrx_word' id='word_1_24' title='bbox 995 1460 1290 1538; x_wconf 83' lang='lat' dir='ltr'><strong>extemplo</strong></span> <span class='ocrx_word' id='word_1_25' title='bbox 1331 1459 1551 1520; x_wconf 83' lang='lat' dir='ltr'><strong>fessam</strong></span> <span class='ocrx_word' id='word_1_26' title='bbox 1591 1461 1873 1537; x_wconf 87' lang='lat' dir='ltr'><strong>languore</strong></span> <span class='ocrx_word' id='word_1_27' title='bbox 1918 1460 2176 1537; x_wconf 86' lang='lat' dir='ltr'><strong>puellam</strong></span> 
     </span>
     <span class='ocr_line' id='line_1_7' title="bbox 699 1563 2626 1642; baseline 0.001 -19"><span class='ocrx_word' id='word_1_28' title='bbox 699 1564 774 1623; x_wconf 84' lang='lat' dir='ltr'><strong>Et</strong></span> <span class='ocrx_word' id='word_1_29' title='bbox 814 1564 989 1624; x_wconf 91' lang='lat' dir='ltr'><strong>simul</strong></span> <span class='ocrx_word' id='word_1_30' title='bbox 1036 1582 1107 1637; x_wconf 84' lang='lat' dir='ltr'><strong>„o</strong></span> <span class='ocrx_word' id='word_1_31' title='bbox 1147 1563 1319 1624; x_wconf 90' lang='lat' dir='ltr'><strong>nobis</strong></span> <span class='ocrx_word' id='word_1_32' title='bbox 1360 1583 1598 1628; x_wconf 87' lang='lat' dir='ltr'><strong>sacrum</strong></span> <span class='ocrx_word' id='word_1_33' title='bbox 1640 1566 1854 1641; x_wconf 83' lang='lat' dir='ltr'><strong>caput&#39;&#39;</strong></span> <span class='ocrx_word' id='word_1_34' title='bbox 1898 1564 2086 1642; x_wconf 85' lang='lat' dir='ltr'><strong>inquit</strong></span> <span class='ocrx_word' id='word_1_35' title='bbox 2133 1565 2440 1637; x_wconf 85' lang='lat' dir='ltr'><strong>„alumnae</strong></span> <span class='ocrx_word' id='word_1_36' title='bbox 2459 1612 2473 1638; x_wconf 90' lang='lat'><strong>,</strong></span> <span class='ocrx_word' id='word_1_37' title='bbox 2519 1572 2626 1625; x_wconf 84' lang='lat' dir='ltr'><strong>etc.</strong></span> 
     </span>
    </p>
   </div>
   <div class='ocr_carea' id='block_1_5' title="bbox 567 1714 2649 1785">
    <p class='ocr_par' dir='ltr' id='par_1_5' title="bbox 567 1714 2649 1785">
     <span class='ocr_line' id='line_1_8' title="bbox 567 1714 2649 1785; baseline 0.001 -16"><span class='ocrx_word' id='word_1_38' title='bbox 567 1714 820 1779; x_wconf 61' lang='lat' dir='ltr'><strong>(Vs.„223</strong></span> <span class='ocrx_word' id='word_1_39' title='bbox 855 1714 1073 1785; x_wconf 85' lang='lat' dir='ltr'><strong>langore</strong></span> <span class='ocrx_word' id='word_1_40' title='bbox 1108 1714 1164 1770; x_wconf 87' lang='grc' dir='ltr'>Η</span> <span class='ocrx_word' id='word_1_41' title='bbox 1202 1734 1249 1769; x_wconf 81' lang='lat' dir='ltr'><strong>m</strong></span> <span class='ocrx_word' id='word_1_42' title='bbox 1287 1716 1317 1770; x_wconf 91' lang='lat' dir='ltr'><strong>l</strong></span> <span class='ocrx_word' id='word_1_43' title='bbox 1353 1715 1402 1770; x_wconf 90' lang='lat' dir='ltr'>L</span> <span class='ocrx_word' id='word_1_44' title='bbox 1442 1723 1467 1781; x_wconf 90' lang='grc' dir='ltr'><strong>ΙΙ</strong></span> <span class='ocrx_word' id='word_1_45' title='bbox 1508 1733 1583 1769; x_wconf 74' lang='grc' dir='ltr'><strong>νε.</strong></span> <span class='ocrx_word' id='word_1_46' title='bbox 1623 1715 1727 1769; x_wconf 79' lang='grc'><strong>224</strong></span> <span class='ocrx_word' id='word_1_47' title='bbox 1764 1714 1925 1769; x_wconf 85' lang='lat' dir='ltr'><strong>simul</strong></span> <span class='ocrx_word' id='word_1_48' title='bbox 1959 1733 1990 1769; x_wconf 93' lang='lat' dir='ltr'>o</span> <span class='ocrx_word' id='word_1_49' title='bbox 2022 1715 2071 1770; x_wconf 90' lang='lat' dir='ltr'>L</span> <span class='ocrx_word' id='word_1_50' title='bbox 2104 1732 2160 1781; x_wconf 83' lang='lat' dir='ltr'><strong>a;</strong></span> <span class='ocrx_word' id='word_1_51' title='bbox 2197 1714 2395 1771; x_wconf 81' lang='lat' dir='ltr'><strong>famulo</strong></span> <span class='ocrx_word' id='word_1_52' title='bbox 2416 1715 2463 1769; x_wconf 89' lang='lat' dir='ltr'>A</span> <span class='ocrx_word' id='word_1_53' title='bbox 2485 1714 2540 1769; x_wconf 90' lang='lat' dir='ltr'>H</span> <span class='ocrx_word' id='word_1_54' title='bbox 2561 1714 2649 1779; x_wconf 82' lang='lat' dir='ltr'><strong>R).</strong></span> 
     </span>
    </p>
   </div>
   <div class='ocr_carea' id='block_1_6' title="bbox 502 1890 2650 2097">
    <p class='ocr_par' dir='ltr' id='par_1_6' title="bbox 502 1890 2650 2097">
     <span class='ocr_line' id='line_1_9' title="bbox 594 1890 2650 1973; baseline -0 -19"><span class='ocrx_word' id='word_1_55' title='bbox 594 1890 939 1955; x_wconf 87' lang='lat' dir='ltr'><strong>Schraderi</strong></span> <span class='ocrx_word' id='word_1_56' title='bbox 1001 1890 1446 1973; x_wconf 85' lang='lat' dir='ltr'><strong>conjecturam</strong></span> <span class='ocrx_word' id='word_1_57' title='bbox 1511 1909 1736 1956; x_wconf 76' lang='lat' dir='ltr'><strong>carum·</strong></span> <span class='ocrx_word' id='word_1_58' title='bbox 1793 1910 1912 1972; x_wconf 91' lang='lat' dir='ltr'><strong>pro</strong></span> <span class='ocrx_word' id='word_1_59' title='bbox 1961 1910 2215 1955; x_wconf 77' lang='lat' dir='ltr'><strong>sacrum</strong></span> <span class='ocrx_word' id='word_1_60' title='bbox 2261 1890 2534 1971; x_wconf 78' lang='lat' dir='ltr'><strong>legentis</strong></span> <span class='ocrx_word' id='word_1_61' title='bbox 2580 1890 2650 1953; x_wconf 89' lang='lat' dir='ltr'><strong>in</strong></span> 
     </span>
     <span class='ocr_line' id='line_1_10' title="bbox 502 2008 2648 2097; baseline -0.001 -24"><span class='ocrx_word' id='word_1_62' title='bbox 502 2009 755 2074; x_wconf 77' lang='lat' dir='ltr'><strong>textum</strong></span> <span class='ocrx_word' id='word_1_63' title='bbox 804 2008 1203 2097; x_wconf 56' lang='lat' dir='ltr'><strong>receperim⁰⁴</strong></span> <span class='ocrx_word' id='word_1_64' title='bbox 1283 2009 1487 2073; x_wconf 81' lang='lat' dir='ltr'><strong>Recte</strong></span> <span class='ocrx_word' id='word_1_65' title='bbox 1544 2010 1721 2073; x_wconf 91' lang='lat' dir='ltr'><strong>enim</strong></span> <span class='ocrx_word' id='word_1_66' title='bbox 1769 2008 2096 2073; x_wconf 85' lang='lat' dir='ltr'>Schrader</span> <span class='ocrx_word' id='word_1_67' title='bbox 2143 2008 2430 2085; x_wconf 81' lang='lat' dir='ltr'><strong>dubitat,</strong></span> <span class='ocrx_word' id='word_1_68' title='bbox 2486 2026 2648 2071; x_wconf 90' lang='lat' dir='ltr'><strong>num</strong></span> 
     </span>
    </p>
   </div>
   <div class='ocr_carea' id='block_1_7' title="bbox 500 2124 2648 2329">
    <p class='ocr_par' dir='ltr' id='par_1_7' title="bbox 500 2124 2648 2329">
     <span class='ocr_line' id='line_1_11' title="bbox 512 2124 2648 2209; baseline -0 -19"><span class='ocrx_word' id='word_1_69' title='bbox 512 2126 819 2191; x_wconf 70' lang='lat' dir='ltr'><strong>»alumna</strong></span> <span class='ocrx_word' id='word_1_70' title='bbox 890 2145 1154 2191; x_wconf 87' lang='lat' dir='ltr'><strong>sacrum</strong></span> <span class='ocrx_word' id='word_1_71' title='bbox 1227 2127 1465 2192; x_wconf 76' lang='lat' dir='ltr'><strong>nutrici</strong></span> <span class='ocrx_word' id='word_1_72' title='bbox 1530 2127 1731 2209; x_wconf 85' lang='lat' dir='ltr'><strong>caput</strong></span> <span class='ocrx_word' id='word_1_73' title='bbox 1795 2126 1919 2190; x_wconf 86' lang='lat' dir='ltr'><strong>dici</strong></span> <span class='ocrx_word' id='word_1_74' title='bbox 1970 2124 2227 2209; x_wconf 83' lang='lat' dir='ltr'><strong>queat&#39;&#39;.</strong></span> <span class='ocrx_word' id='word_1_75' title='bbox 2323 2125 2439 2190; x_wconf 86' lang='lat' dir='ltr'><strong>Est</strong></span> <span class='ocrx_word' id='word_1_76' title='bbox 2485 2124 2648 2189; x_wconf 87' lang='lat' dir='ltr'><strong>haec</strong></span> 
     </span>
     <span class='ocr_line' id='line_1_12' title="bbox 500 2242 2646 2329; baseline -0 -22"><span class='ocrx_word' id='word_1_77' title='bbox 500 2244 841 2326; x_wconf 76' lang='lat' dir='ltr'><strong>praeterea</strong></span> <span class='ocrx_word' id='word_1_78' title='bbox 887 2246 1205 2328; x_wconf 81' lang='lat' dir='ltr'><strong>perpetua</strong></span> <span class='ocrx_word' id='word_1_79' title='bbox 1252 2246 1530 2311; x_wconf 83' lang='lat' dir='ltr'><strong>mutatio</strong></span> <span class='ocrx_word' id='word_1_80' title='bbox 1552 2294 1568 2323; x_wconf 86' lang='lat'><em>,</em></span> <span class='ocrx_word' id='word_1_81' title='bbox 1622 2247 1694 2311; x_wconf 81' lang='lat' dir='ltr'><strong>ut</strong></span> <span class='ocrx_word' id='word_1_82' title='bbox 1745 2246 1919 2313; x_wconf 88' lang='lat' dir='ltr'><strong>idem</strong></span> <span class='ocrx_word' id='word_1_83' title='bbox 1967 2245 2266 2329; x_wconf 89' lang='lat' dir='ltr'><strong>pluribus</strong></span> <span class='ocrx_word' id='word_1_84' title='bbox 2298 2242 2646 2307; x_wconf 85' lang='lat' dir='ltr'><strong>illustravit</strong></span> 
     </span>
    </p>
   </div>
   <div class='ocr_carea' id='block_1_8' title="bbox 500 2363 1850 2622">
    <p class='ocr_par' dir='ltr' id='par_1_8' title="bbox 500 2363 1850 2622">
     <span class='ocr_line' id='line_1_13' title="bbox 500 2363 1053 2447; baseline 0 -20"><span class='ocrx_word' id='word_1_85' title='bbox 500 2363 773 2428; x_wconf 89' lang='lat' dir='ltr'><strong>Emend.</strong></span> <span class='ocrx_word' id='word_1_86' title='bbox 823 2383 887 2447; x_wconf 89' lang='lat' dir='ltr'><strong>p.</strong></span> <span class='ocrx_word' id='word_1_87' title='bbox 942 2365 1053 2428; x_wconf 90' lang='lat'><strong>58.</strong></span> 
     </span>
     <span class='ocr_line' id='line_1_14' title="bbox 1292 2555 1850 2622; baseline 0.004 -3"><span class='ocrx_word' id='word_1_88' title='bbox 1292 2557 1395 2622; x_wconf 87' lang='lat' dir='ltr'><strong>VS.</strong></span> <span class='ocrx_word' id='word_1_89' title='bbox 1453 2555 1850 2621; x_wconf 70' lang='lat'><strong>247—249.</strong></span> 
     </span>
    </p>
   </div>
   <div class='ocr_carea' id='block_1_9' title="bbox 699 2742 2348 3033">
    <p class='ocr_par' dir='ltr' id='par_1_9' title="bbox 699 2742 2348 3033">
     <span class='ocr_line' id='line_1_15' title="bbox 702 2742 2348 2823; baseline 0 -20"><span class='ocrx_word' id='word_1_90' title='bbox 702 2742 917 2803; x_wconf 84' lang='lat' dir='ltr'><strong>Omnia</strong></span> <span class='ocrx_word' id='word_1_91' title='bbox 955 2764 1052 2805; x_wconf 91' lang='lat' dir='ltr'><strong>me</strong></span> <span class='ocrx_word' id='word_1_92' title='bbox 1093 2745 1287 2822; x_wconf 86' lang='lat' dir='ltr'><strong>potius</strong></span> <span class='ocrx_word' id='word_1_93' title='bbox 1331 2746 1505 2822; x_wconf 86' lang='lat' dir='ltr'><strong>digna</strong></span> <span class='ocrx_word' id='word_1_94' title='bbox 1550 2754 1728 2823; x_wconf 85' lang='lat' dir='ltr'><strong>atque</strong></span> <span class='ocrx_word' id='word_1_95' title='bbox 1768 2746 2040 2822; x_wconf 81' lang='lat' dir='ltr'><strong>indigna,</strong></span> <span class='ocrx_word' id='word_1_96' title='bbox 2077 2746 2348 2805; x_wconf 88' lang='lat' dir='ltr'><strong>laborum</strong></span> 
     </span>
     <span class='ocr_line' id='line_1_16' title="bbox 699 2849 2103 2927; baseline -0.001 -17"><span class='ocrx_word' id='word_1_97' title='bbox 699 2849 857 2910; x_wconf 89' lang='lat' dir='ltr'><strong>Milia</strong></span> <span class='ocrx_word' id='word_1_98' title='bbox 893 2850 1150 2910; x_wconf 88' lang='lat' dir='ltr'><strong>visuram</strong></span> <span class='ocrx_word' id='word_1_99' title='bbox 1190 2870 1369 2927; x_wconf 88' lang='lat' dir='ltr'><strong>quam</strong></span> <span class='ocrx_word' id='word_1_100' title='bbox 1408 2858 1467 2911; x_wconf 89' lang='lat' dir='ltr'><strong>te</strong></span> <span class='ocrx_word' id='word_1_101' title='bbox 1508 2858 1639 2912; x_wconf 7' lang='lat' dir='ltr'><strong>tam?</strong></span> <span class='ocrx_word' id='word_1_102' title='bbox 1670 2850 1935 2911; x_wconf 83' lang='lat' dir='ltr'><strong>tristibus</strong></span> <span class='ocrx_word' id='word_1_103' title='bbox 1978 2850 2103 2910; x_wconf 86' lang='lat' dir='ltr'><strong>istis</strong></span> 
     </span>
     <span class='ocr_line' id='line_1_17' title="bbox 702 2952 2021 3033; baseline 0.002 -20"><span class='ocrx_word' id='word_1_104' title='bbox 702 2952 987 3014; x_wconf 90' lang='lat' dir='ltr'><strong>Sordibus</strong></span> <span class='ocrx_word' id='word_1_105' title='bbox 1030 2962 1089 3015; x_wconf 78' lang='lat' dir='ltr'><strong>et</strong></span> <span class='ocrx_word' id='word_1_106' title='bbox 1130 2955 1285 3016; x_wconf 89' lang='lat' dir='ltr'><strong>carie</strong></span> <span class='ocrx_word' id='word_1_107' title='bbox 1331 2955 1519 3033; x_wconf 87' lang='lat' dir='ltr'><strong>patiar</strong></span> <span class='ocrx_word' id='word_1_108' title='bbox 1560 2957 1862 3017; x_wconf 84' lang='lat' dir='ltr'><strong>tabescere</strong></span> <span class='ocrx_word' id='word_1_109' title='bbox 1901 2955 2021 3016; x_wconf 89' lang='lat' dir='ltr'><strong>tali.</strong></span> 
     </span>
    </p>
   </div>
   <div class='ocr_carea' id='block_1_10' title="bbox 498 3120 2649 3289">
    <p class='ocr_par' dir='ltr' id='par_1_10' title="bbox 498 3120 2649 3289">
     <span class='ocr_line' id='line_1_18' title="bbox 570 3120 2645 3195; baseline 0 -20"><span class='ocrx_word' id='word_1_110' title='bbox 570 3121 684 3189; x_wconf 83' lang='lat' dir='ltr'><strong>(Vs.</strong></span> <span class='ocrx_word' id='word_1_111' title='bbox 739 3122 841 3181; x_wconf 78' lang='lat'><strong>247</strong></span> <span class='ocrx_word' id='word_1_112' title='bbox 891 3123 1076 3195; x_wconf 74' lang='lat' dir='ltr'><strong>atque]</strong></span> <span class='ocrx_word' id='word_1_113' title='bbox 1125 3126 1261 3195; x_wconf 78' lang='lat' dir='ltr'><strong>tuq:</strong></span> <span class='ocrx_word' id='word_1_114' title='bbox 1314 3122 1362 3178; x_wconf 88' lang='lat' dir='ltr'>L</span> <span class='ocrx_word' id='word_1_115' title='bbox 1428 3122 1438 3195; x_wconf 88' lang='grc' dir='ltr'>Ι</span> <span class='ocrx_word' id='word_1_116' title='bbox 1500 3122 1732 3177; x_wconf 77' lang='lat' dir='ltr'><strong>laturam</strong></span> <span class='ocrx_word' id='word_1_117' title='bbox 1773 3122 1831 3179; x_wconf 83' lang='lat' dir='ltr'><strong>L.</strong></span> <span class='ocrx_word' id='word_1_118' title='bbox 1856 3141 1887 3177; x_wconf 84' lang='lat' dir='ltr'><strong>a</strong></span> <span class='ocrx_word' id='word_1_119' title='bbox 1925 3128 1951 3188; x_wconf 87' lang='grc' dir='ltr'><strong>ΙΙ</strong></span> <span class='ocrx_word' id='word_1_120' title='bbox 1991 3140 2068 3177; x_wconf 76' lang='grc' dir='ltr'><strong>νε.</strong></span> <span class='ocrx_word' id='word_1_121' title='bbox 2106 3122 2208 3177; x_wconf 79' lang='grc'><strong>248</strong></span> <span class='ocrx_word' id='word_1_122' title='bbox 2246 3121 2483 3176; x_wconf 81' lang='lat' dir='ltr'><strong>uisuram</strong></span> <span class='ocrx_word' id='word_1_123' title='bbox 2523 3120 2579 3175; x_wconf 89' lang='lat' dir='ltr'>H</span> <span class='ocrx_word' id='word_1_124' title='bbox 2619 3126 2645 3184; x_wconf 93' lang='grc' dir='ltr'><strong>ΙΙ</strong></span> 
     </span>
     <span class='ocr_line' id='line_1_19' title="bbox 498 3216 2649 3289; baseline 0.001 -19"><span class='ocrx_word' id='word_1_125' title='bbox 498 3234 576 3271; x_wconf 74' lang='grc' dir='ltr'><strong>νε.</strong></span> <span class='ocrx_word' id='word_1_126' title='bbox 614 3217 717 3271; x_wconf 78' lang='grc'><strong>249</strong></span> <span class='ocrx_word' id='word_1_127' title='bbox 767 3218 907 3273; x_wconf 79' lang='lat' dir='ltr'><strong>carie</strong></span> <span class='ocrx_word' id='word_1_128' title='bbox 940 3220 1198 3274; x_wconf 71' lang='lat' dir='ltr'><strong>Baehrens</strong></span> <span class='ocrx_word' id='word_1_129' title='bbox 1218 3223 1494 3289; x_wconf 78' lang='lat' dir='ltr'><strong>praeeunte</strong></span> <span class='ocrx_word' id='word_1_130' title='bbox 1533 3220 1778 3274; x_wconf 70' lang='lat' dir='ltr'><strong>Bar-thio:</strong></span> <span class='ocrx_word' id='word_1_131' title='bbox 1820 3218 1991 3273; x_wconf 83' lang='lat' dir='ltr'><strong>scoria</strong></span> <span class='ocrx_word' id='word_1_132' title='bbox 2034 3219 2097 3283; x_wconf 84' lang='lat' dir='ltr'><strong>A,</strong></span> <span class='ocrx_word' id='word_1_133' title='bbox 2139 3216 2321 3273; x_wconf 71' lang='lat' dir='ltr'><strong>sconia</strong></span> <span class='ocrx_word' id='word_1_134' title='bbox 2355 3216 2413 3271; x_wconf 82' lang='lat' dir='ltr'><strong>H</strong></span> <span class='ocrx_word' id='word_1_135' title='bbox 2445 3216 2649 3272; x_wconf 82' lang='lat' dir='ltr'><strong>sariaL</strong></span> 
     </span>
    </p>
   </div>
   <div class='ocr_carea' id='block_1_11' title="bbox 501 3312 806 3377">
    <p class='ocr_par' dir='ltr' id='par_1_11' title="bbox 501 3312 806 3377">
     <span class='ocr_line' id='line_1_20' title="bbox 501 3312 806 3377; baseline 0.013 -11"><span class='ocrx_word' id='word_1_136' title='bbox 501 3313 684 3368; x_wconf 91' lang='lat' dir='ltr'><strong>morbo</strong></span> <span class='ocrx_word' id='word_1_137' title='bbox 720 3312 806 3377; x_wconf 83' lang='lat' dir='ltr'><strong>R).</strong></span> 
     </span>
    </p>
   </div>
   <div class='ocr_carea' id='block_1_12' title="bbox 500 3462 2646 3667">
    <p class='ocr_par' dir='ltr' id='par_1_12' title="bbox 500 3462 2646 3667">
     <span class='ocr_line' id='line_1_21' title="bbox 594 3462 2646 3550; baseline -0.002 -22"><span class='ocrx_word' id='word_1_138' title='bbox 594 3462 853 3547; x_wconf 89' lang='lat' dir='ltr'><strong>Maehly</strong></span> <span class='ocrx_word' id='word_1_139' title='bbox 921 3464 1209 3531; x_wconf 86' lang='lat' dir='ltr'><strong>offensus</strong></span> <span class='ocrx_word' id='word_1_140' title='bbox 1257 3466 1582 3532; x_wconf 86' lang='lat' dir='ltr'><strong>vocabulo</strong></span> <span class='ocrx_word' id='word_1_141' title='bbox 1630 3466 1812 3531; x_wconf 79' lang='lat' dir='ltr'><strong>milia</strong></span> <span class='ocrx_word' id='word_1_142' title='bbox 1857 3466 1978 3550; x_wconf 82' lang='lat' dir='ltr'><strong>(VS.</strong></span> <span class='ocrx_word' id='word_1_143' title='bbox 2032 3463 2232 3548; x_wconf 71' lang='lat'>248),</span> <span class='ocrx_word' id='word_1_144' title='bbox 2283 3463 2463 3546; x_wconf 89' lang='lat' dir='ltr'><strong>quod</strong></span> <span class='ocrx_word' id='word_1_145' title='bbox 2512 3480 2646 3526; x_wconf 91' lang='lat' dir='ltr'><strong>non</strong></span> 
     </span>
     <span class='ocr_line' id='line_1_22' title="bbox 500 3580 2645 3667; baseline -0.001 -23"><span class='ocrx_word' id='word_1_146' title='bbox 500 3580 929 3663; x_wconf 85' lang='lat' dir='ltr'><strong>conjunctum</strong></span> <span class='ocrx_word' id='word_1_147' title='bbox 976 3584 1061 3647; x_wconf 82' lang='lat' dir='ltr'><strong>sit</strong></span> <span class='ocrx_word' id='word_1_148' title='bbox 1107 3603 1258 3649; x_wconf 91' lang='lat' dir='ltr'><strong>cum</strong></span> <span class='ocrx_word' id='word_1_149' title='bbox 1304 3585 1537 3662; x_wconf 73' lang='lat' dir='ltr'><strong>multa,</strong></span> <span class='ocrx_word' id='word_1_150' title='bbox 1576 3590 1820 3667; x_wconf 75' lang='lat' dir='ltr'><strong>quanta</strong></span> <span class='ocrx_word' id='word_1_151' title='bbox 1851 3587 1968 3650; x_wconf 86' lang='lat' dir='ltr'><strong>aut</strong></span> <span class='ocrx_word' id='word_1_152' title='bbox 2000 3581 2363 3658; x_wconf 86' lang='lat' dir='ltr'><strong>numerali,</strong></span> <span class='ocrx_word' id='word_1_153' title='bbox 2398 3581 2645 3663; x_wconf 85' lang='lat' dir='ltr'><strong>optime</strong></span> 
     </span>
    </p>
   </div>
   <div class='ocr_carea' id='block_1_13' title="bbox 501 3698 1842 3914">
    <p class='ocr_par' dir='ltr' id='par_1_13' title="bbox 501 3698 1842 3914">
     <span class='ocr_line' id='line_1_23' title="bbox 501 3698 1075 3783; baseline 0.007 -21"><span class='ocrx_word' id='word_1_154' title='bbox 501 3698 779 3783; x_wconf 79' lang='lat' dir='ltr'><strong>conjecit</strong></span> <span class='ocrx_word' id='word_1_155' title='bbox 828 3700 1075 3766; x_wconf 73' lang='lat' dir='ltr'><strong>ultima.</strong></span> 
     </span>
     <span class='ocr_line' id='line_1_24' title="bbox 1298 3847 1842 3914; baseline 0.006 -3"><span class='ocrx_word' id='word_1_156' title='bbox 1298 3848 1400 3913; x_wconf 86' lang='lat' dir='ltr'><strong>Vs.</strong></span> <span class='ocrx_word' id='word_1_157' title='bbox 1456 3847 1842 3914; x_wconf 74' lang='lat'><strong>324—326.</strong></span> 
     </span>
    </p>
   </div>
   <div class='ocr_carea' id='block_1_14' title="bbox 700 3998 2496 4389">
    <p class='ocr_par' dir='ltr' id='par_1_14' title="bbox 700 3998 2496 4305">
     <span class='ocr_line' id='line_1_25' title="bbox 701 3998 2496 4094; baseline 0.002 -23"><span class='ocrx_word' id='word_1_158' title='bbox 701 4008 806 4071; x_wconf 90' lang='lat' dir='ltr'><strong>Sin</strong></span> <span class='ocrx_word' id='word_1_159' title='bbox 845 4018 935 4072; x_wconf 87' lang='lat' dir='ltr'><strong>est</strong></span> <span class='ocrx_word' id='word_1_160' title='bbox 974 4014 1133 4090; x_wconf 86' lang='lat' dir='ltr'><strong>quod</strong></span> <span class='ocrx_word' id='word_1_161' title='bbox 1173 4020 1373 4074; x_wconf 87' lang='lat' dir='ltr'><strong>metuo</strong></span> <span class='ocrx_word' id='word_1_162' title='bbox 1394 4060 1408 4089; x_wconf 88' lang='lat'><strong><em>,</em></strong></span> <span class='ocrx_word' id='word_1_163' title='bbox 1453 4035 1557 4093; x_wconf 86' lang='lat' dir='ltr'><strong>per</strong></span> <span class='ocrx_word' id='word_1_164' title='bbox 1598 4023 1681 4089; x_wconf 89' lang='lat' dir='ltr'><strong>te,</strong></span> <span class='ocrx_word' id='word_1_165' title='bbox 1727 4034 1862 4076; x_wconf 91' lang='lat' dir='ltr'><strong>mea</strong></span> <span class='ocrx_word' id='word_1_166' title='bbox 1902 3998 2166 4089; x_wconf 85' lang='lat' dir='ltr'><strong>alumna,</strong></span> <span class='ocrx_word' id='word_1_167' title='bbox 2211 4023 2496 4094; x_wconf 84' lang='lat' dir='ltr'><strong>tuumque</strong></span> 
     </span>
     <span class='ocr_line' id='line_1_26' title="bbox 700 4114 2296 4195; baseline 0.003 -21"><span class='ocrx_word' id='word_1_168' title='bbox 700 4114 1024 4195; x_wconf 83' lang='lat' dir='ltr'><strong>Expertum</strong></span> <span class='ocrx_word' id='word_1_169' title='bbox 1065 4119 1264 4179; x_wconf 86' lang='lat' dir='ltr'><strong>multis</strong></span> <span class='ocrx_word' id='word_1_170' title='bbox 1302 4119 1553 4190; x_wconf 82' lang='lat' dir='ltr'><strong>miserae</strong></span> <span class='ocrx_word' id='word_1_171' title='bbox 1591 4120 1736 4180; x_wconf 89' lang='lat' dir='ltr'><strong>mihi</strong></span> <span class='ocrx_word' id='word_1_172' title='bbox 1777 4121 1954 4181; x_wconf 89' lang='lat' dir='ltr'><strong>rebus</strong></span> <span class='ocrx_word' id='word_1_173' title='bbox 1997 4140 2296 4192; x_wconf 89' lang='lat' dir='ltr'><strong>amorem,</strong></span> 
     </span>
     <span class='ocr_line' id='line_1_27' title="bbox 703 4219 2254 4305; baseline 0.003 -24"><span class='ocrx_word' id='word_1_174' title='bbox 703 4219 958 4282; x_wconf 90' lang='lat' dir='ltr'><strong>Perdere</strong></span> <span class='ocrx_word' id='word_1_175' title='bbox 998 4242 1169 4283; x_wconf 85' lang='lat' dir='ltr'><strong>saeva</strong></span> <span class='ocrx_word' id='word_1_176' title='bbox 1214 4243 1421 4301; x_wconf 87' lang='lat' dir='ltr'><strong>precor</strong></span> <span class='ocrx_word' id='word_1_177' title='bbox 1462 4244 1566 4302; x_wconf 91' lang='lat' dir='ltr'><strong>per</strong></span> <span class='ocrx_word' id='word_1_178' title='bbox 1605 4225 1831 4287; x_wconf 88' lang='lat' dir='ltr'><strong>lumina</strong></span> <span class='ocrx_word' id='word_1_179' title='bbox 1866 4233 1923 4286; x_wconf 86' lang='lat' dir='ltr'><strong>et</strong></span> <span class='ocrx_word' id='word_1_180' title='bbox 1965 4225 2254 4305; x_wconf 79' lang='lat' dir='ltr'><strong>Ilithyiae‚</strong></span> 
     </span>
    </p>

    <p class='ocr_par' dir='ltr' id='par_1_15' title="bbox 704 4325 944 4389">
     <span class='ocr_line' id='line_1_28' title="bbox 704 4325 944 4389; baseline 0.017 -4"><span class='ocrx_word' id='word_1_181' title='bbox 704 4325 794 4386; x_wconf 89' lang='lat' dir='ltr'><strong>Ne</strong></span> <span class='ocrx_word' id='word_1_182' title='bbox 835 4334 944 4389; x_wconf 78' lang='lat' dir='ltr'><strong>etc.</strong></span> 
     </span>
    </p>
   </div>
  </div>
 </body>
</html>
