3392 5292
1593 610 1680 673 55

568 828 777 895 vincla
840 847 960 911 pro
1022 824 1269 891 moenia
1325 826 1590 909 Proq'ae,
1642 844 1730 889 νε.
1789 825 1922 889 395
1971 825 2189 907 rapidi
2237 825 2520 892 Tritonis
2566 827 2721 893 hera

568 967 689 1031 pro
737 944 985 1012 Athene
1032 944 1096 1008 et
1130 943 1552 1011 'Rhamma-sia
1596 943 1774 1028 mirqo
1822 961 1943 1026 pro
1990 944 2292 1009 Nemesis·
2317 945 2567 1010 dictum
2599 947 2716 1011 est.

568 1066 737 1132 Hinc
786 1065 1075 1129 carmine
1125 1064 1251 1144 66,
1304 1064 1378 1128 ut
1424 1062 1511 1128 ab
1559 1063 1685 1128 hoc
1733 1081 1996 1146 quoque
2046 1064 2348 1145 poemate
2397 1064 2722 1130 nonnulla

569 1185 866 1269 exempla
935 1186 1199 1250 mutuer
1218 1233 1233 1263 ,
1284 1202 1375 1249 vs.
1428 1183 1520 1248 44
1572 1182 1832 1248 Helios:
1877 1182 2220 1267 proyenies-
2256 1182 2457 1248 Thiae
2502 1182 2683 1248 clara
2702 1234 2717 1264 ,

569 1323 661 1370 vs,
736 1305 823 1369 52
896 1322 1034 1387 sqq.
1111 1304 1463 1386 zephyruS,
1538 1302 1850 1368 Arsinoes
1920 1301 2350 1385 Zephyritidis
2398 1300 2717 1368 famulus:

566 1423 931 1490 Memnonis
997 1422 1330 1505 Aethiopis
1400 1420 1682 1507 uniyena
1755 1420 1829 1509 (i.
1901 1440 1952 1488 e.
2008 1441 2161 1487 cum
2209 1441 2288 1487 eo
2337 1440 2416 1485 ex
2462 1422 2722 1487 Aurora

569 1542 791 1627 natus)
836 1542 1147 1609 Arsinoes
1192 1540 1489 1608 Locridis
1534 1540 1667 1607 ales
1714 1561 1909 1623 equus
1957 1541 2356 1606 nominatur.
2413 1540 2464 1623 ¹)

662 1659 876 1725 Etiam
944 1680 1244 1725 sermone
1300 1660 1445 1744 ipso
1491 1661 1726 1742 poetae
1771 1660 2200 1725 Alexandrini
2247 1659 2434 1725 facile
2481 1678 2720 1742 agnos-

569 1781 830 1846 cuntur.
927 1780 1175 1845 Amant
1226 1779 1401 1847 enim
1449 1778 1599 1862 plus
1639 1776 1822 1862 justo
1870 1777 2116 1859 figuras
2164 1777 2540 1844 rhetoricas·
2621 1778 2724 1843 Illi

569 1898 792 1963 autem
814 1948 829 1978 ,
902 1917 1070 1981 quos
1118 1900 1394 1979 vocant,
1445 1897 1701 1963 flosculi
1748 1896 2085 1977 rhetorici,
2138 1915 2542 1980 quamquam
2591 1899 2722 1963 rari

569 2018 635 2082 et
697 2036 850 2083 cum
904 2017 1153 2101 judicio
1200 2016 1478 2083 adhibiti
1524 2016 1803 2081 orationi
1851 2016 2049 2081 decus
2097 2015 2434 2098 quoddam
2481 2016 2723 2081 addere

568 2136 814 2216 solent,
888 2137 1091 2209 nimio
1165 2155 1289 2201 usu
1346 2155 1480 2201 non
1530 2154 1770 2219 parum
1816 2133 2071 2217 frigent.
2167 2134 2250 2199 Et
2295 2134 2723 2201 Alexandrini

567 2254 692 2319 hac
761 2255 829 2319 in
899 2274 970 2319 re
1042 2255 1314 2320 modum
1386 2273 1522 2320 non
1596 2254 1958 2321 servarunt.
2060 2253 2256 2333 Quod
2315 2254 2391 2319 ut
2439 2252 2721 2319 dilucide

568 2374 918 2456 appareat,
986 2374 1271 2438 diversas
1290 2422 1305 2452 ,
1356 2392 1529 2456 quae
1577 2374 1645 2437 in
1693 2372 1981 2438 laudatis
2030 2371 2274 2438 Catulli
2321 2372 2721 2438 carminibus

568 2490 956 2568 occurrunt,
1030 2489 1275 2571 figuras
1347 2489 1706 2555 rhetoricas
1755 2489 1981 2554 ordine
2028 2488 2316 2555 afferam.

661 2607 959 2673 Primum
1007 2608 1136 2674 huc
1185 2607 1394 2673 refero
1414 2657 1429 2688 ,
1480 2627 1889 2692 quamquam
1930 2607 2129 2692 hujUs
2164 2608 2411 2690 figurae
2443 2608 2619 2675 hisce
2652 2611 2720 2674 in

566 2727 966 2792 carminibus
1044 2727 1252 2792 rarior
1329 2745 1489 2792 usus
1569 2728 1700 2806 est,
1766 2727 1950 2811 justo
2015 2716 2531 2810 'frequentiorem
2600 2748 2720 2811 pa-

568 2845 969 2911 renthesium
1040 2864 1255 2911 usum.
1354 2845 1669 2929 Exempla
1741 2846 1964 2911 tamen
2011 2865 2149 2911 non
2196 2845 2395 2929 plane
2444 2847 2714 2928 desunt,

567 2964 643 3030 cf.
698 2984 899 3030 carm.
953 2964 1078 3043 64,
1130 2983 1221 3029 vs,
1278 2964 1410 3029 108
1460 2983 1538 3047 sq
1587 2965 1654 3030 et
1701 2983 1901 3030 carm.
1956 2964 2044 3030 66
2093 2984 2183 3030 vs,
2237 2966 2535 3032 71—74.

659 3083 909 3149 Deinde
963 3083 1094 3148 huc
1149 3084 1481 3166 pertinent
1526 3084 2010 3168 interjectiones
2059 3085 2418 3149 crebriores
2466 3086 2721 3151 mediae

568 3202 849 3269 orationi
894 3201 1351 3286 interpositae,
1399 3202 1589 3287 qu‘us
1621 3203 1717 3268 rei
1749 3204 2049 3287 exempla
2079 3203 2243 3269 haec
2275 3203 2718 3271 inveniuntur.

640 3504 680 3573 ¹)
733 3504 1024 3558 Auctorem
1058 3500 1146 3557 hio
1166 3500 1539 3558 Emathionem
1564 3501 1770 3569 dicere,
1791 3502 1984 3558 statuit
2003 3501 2140 3558 Ellis
2159 3503 2452 3559 seeundum
2473 3503 2723 3577 Apollod.

566 3598 814 3662 111212‚
868 3601 930 3652 42
997 3599 1231 3654 Τιθωνὸν
1293 3599 1392 3668 μὲν
1448 3597 1544 3654 οὖν
1576 3594 1735 3662 Ἠὼς
1777 3602 2079 3671 ἁρπάσασα
2122 3598 2190 3655 δι’
2229 3600 2419 3673 ἔρωτα
2455 3600 2541 3664 εἰς
2580 3601 2722 3657 Αἰθι-

567 3705 724 3759 οπίαν
763 3704 974 3771 κομίζει
1014 3705 1177 3757 κάκεῖ
1196 3703 1545 3758 συνελθοῦσα
1573 3707 1747 3777 γεννᾷ
1774 3704 1982 3763 παῖδας·
1999 3699 2308 3769 Ἠμαθίωνα
2334 3701 2422 3758 καὶ
2449 3703 2721 3772 Μέμνονα.

567 3804 647 3860 cf.
681 3803 800 3876 ejus
862 3804 1185 3859 nComment.
1222 3802 1289 3859 ad
1323 3801 1628 3858 Catullum”
1669 3820 1791 3875 pag.
1830 3802 1935 3857 304
1972 3801 2067 3857 ubi
2103 3802 2246 3857 hunc
2287 3802 2467 3859 locum
2500 3803 2724 3859 afferens

567 3899 816 3956 adnotat:
881 3898 1201 3963 ,Emathion
1251 3898 1299 3954 is
1354 3897 1651 3955 connected
1702 3898 1830 3954 with
1873 3896 2074 3953 Arabia
2110 3896 2379 3971 (Apollod.
2415 3898 2588 3967 1125,-
2631 3900 2722 3971 11)

569 3996 673 4053 and
709 4014 880 4052 seems
918 3994 1345 4069 etymologically
1381 3998 1439 4051 to
1479 3994 1544 4051 be
1581 3993 1800 4050 derived
1817 3994 1954 4051 from
1974 3995 2209 4063 ἄμαθος,
2238 3994 2332 4050 ohe
2353 3993 2414 4050 of
2427 3994 2520 4051 the
2539 3994 2725 4055 sand”.

566 4116 599 4153 a
630 4114 784 4152 name
821 4096 993 4152 which
1030 4095 1207 4152 would
1241 4095 1364 4153 well
1400 4095 1643 4153 describe
1681 4114 1750 4153 an
1785 4098 2040 4153 ostrich”.
2086 4096 2193 4153 Sed
2226 4100 2439 4171 poetam
2469 4097 2724 4153 struthio·

570 4193 833 4250 camelum
887 4193 1063 4250 dicere
1113 4211 1222 4250 non
1270 4193 1516 4268 potuisse
1566 4193 1723 4251 docet
1778 4213 1854 4251 vs.
1893 4198 1989 4251 55:
2028 4197 2178 4268 Isque
2221 4213 2320 4267 per
2368 4196 2618 4252 aetherias
2650 4213 2726 4250 me

570 4292 751 4347 tollens
781 4292 954 4348 avolat
987 4291 1200 4347 umbras.
2204 4272 2215 4283 ’
2499 4294 2517 4308 ·
