3392 5292
1603 626 1688 689 73

594 837 702 920 (cf.
778 856 978 919 supra
1053 856 1201 920 pag.
1266 838 1352 901 50
1402 838 1560 922 not).
1666 836 1793 904 Nec
1841 842 2060 906 minus
2108 861 2309 923 quam
2359 844 2746 927 Lycophron

595 957 892 1039 quaesita
940 957 1230 1039 quadam
1280 957 1679 1023 obscuritate
1729 959 2020 1039 laborat,
2086 961 2405 1043 quidquid
2456 962 2749 1027 Meineke

594 1074 783 1140 Anal.
838 1075 1027 1140 AleX.
1079 1093 1221 1157 pag.
1280 1076 1414 1139 9258
1464 1094 1545 1139 ex
1594 1078 1922 1142 contrario
1970 1080 2327 1145 contendit.
2416 1080 2562 1145 Huc
2613 1099 2746 1145 non

596 1192 803 1257 refero
878 1212 1029 1257 eum
1102 1194 1346 1276 passim
1409 1193 1625 1258 verbis
1673 1215 1713 1259 a
1762 1197 2014 1278 vulgari
2064 1216 2188 1262 usu
2239 1198 2503 1262 remotis
2554 1216 2747 1262 usum

598 1330 757 1375 esse.
860 1310 999 1376 Hoc
1072 1312 1248 1376 enim
1318 1312 1697 1378 mirandum
1769 1333 1903 1379 non
1979 1316 2110 1393 est,
2184 1316 2363 1398 quod
2426 1318 2746 1381 sermonis

597 1430 825 1496 Graeci
898 1449 1064 1512 pura
1137 1430 1413 1495 facilitas
1486 1429 1742 1514 perdita
1801 1452 1838 1497 e
1885 1434 2180 1498 veterum
2227 1434 2408 1499 libris
2459 1436 2748 1501 eruenda

596 1550 658 1614 et
709 1551 928 1615 denuo
978 1548 1376 1614 addiscenda
1425 1550 1579 1614 erat.
1683 1550 1814 1614 Sed
1862 1570 2054 1615 voces
2102 1571 2471 1634 vocumque
2503 1552 2746 1618 formas

594 1670 874 1734 rariores
960 1686 1091 1732 non
1184 1667 1307 1731 nisi
1387 1666 1856 1748 glossariorum
1929 1669 2171 1734 auxilio
2241 1670 2741 1751 intellegendaS‚

594 1806 760 1869 quas
840 1788 1022 1870 justo
1111 1787 1329 1869 plures
1420 1787 2073 1870 comprehendimUS,
2161 1787 2507 1872 exprobro.
2627 1787 2746 1852 His

596 1906 769 1969 enim
841 1906 1101 1988 saepius
1174 1904 1493 1969 obscurus
1566 1906 1698 1985 est,
1775 1905 1851 1969 ut
1922 1924 1957 1968 e
2016 1906 2277 1987 pauciS,
2330 1924 2502 1988 quae
2550 1905 2744 1971 hodie

594 2021 937 2103 leguntur,
1013 2021 1299 2103 reliquiis
1371 2020 1654 2086 dilucide
1713 2022 2003 2104 apparet.
2107 2021 2212 2085 Sic
2262 2040 2314 2086 e.
2369 2041 2462 2102 gr.
2515 2031 2741 2099 ἅννεμε,

594 2141 861 2223 ponitur
932 2159 1052 2221 pro
1125 2154 1395 2225 ἀνάγνωθι
1482 2140 1710 2221 fragm.
1791 2142 1854 2218 I,
1938 2154 2234 2226 δμοσχρόν
2306 2160 2426 2222 pro
2496 2154 2742 2222 καθαρόν

592 2257 821 2339 fragm.
873 2259 995 2337 III,
1049 2272 1292 2345 δέχνυσο
1340 2278 1459 2342 pro
1506 2273 1683 2346 δέχου
1737 2258 1966 2340 fragm.
2019 2259 2353 2342 V,‘'A,0m›‹,-
2386 2278 2505 2341 pro
2536 2258 2745 2324 Amor

590 2374 817 2458 fragul-
910 2377 995 2457 X,
1074 2388 1410 2463 αῧρόσχαδα
1463 2389 1674 2461 βότρυν
1747 2396 1868 2459 pro
1940 2388 2178 2457 ἄμπελον
2251 2376 2480 2458 fragm.
2554 2378 2738 2455 XIX,

593 2505 900 2582 ἐρίσχηλος
949 2514 1069 2577 pro
1118 2507 1380 2580 λοίδορος
1427 2495 1655 2576 fragm.
1712 2496 1864 2575 XX,
1911 2501 2174 2580 εΕρκυνὶς
2211 2509 2338 2582 γαίη
2388 2515 2508 2578 pro
2556 2496 2741 2560 Italia

593 2612 691 2677 vel
765 2613 1083 2695 Hispania
1154 2612 1385 2696 fragm.
1460 2615 1702 2693 XXIII,
1778 2626 2037 2697 δρύψελα
2107 2633 2226 2697 pro
2293 2626 2504 2693 λέμμα,
2548 2625 2742 2697 φλοιός

590 2729 815 2812 fragm.
882 2731 1121 2811 XXIX,
1176 2743 1413 2799 δείκελον
1461 2753 1581 2816 pro
1660 2744 1903 2818 δείκηλον
1965 2732 2194 2814 fragm.
2247 2732 2455 2796 XXXI
2476 2779 2491 2810 ,
2543 2741 2740 2814 δροίτῃ

590 2868 712 2931 pro
769 2863 948 2932 σορός
995 2848 1226 2932 fragm.
1278 2851 1497 2917 XLVI.
1594 2851 1815 2933 Atque
1863 2850 2328 2916 obscuritatem
2378 2849 2557 2913 illam
2605 2868 2742 2913 non

592 2966 821 3047 glossis
870 2968 1026 3032 solis
1075 2969 1539 3052 imputandam
1587 2990 1760 3050 esse,
1813 2990 1890 3034 ex
1939 2970 2170 3034 iisdem
2208 2969 2332 3033 illis
2365 2968 2744 3049 fragmentis

590 3084 794 3149 XXIV
867 3086 930 3150 et
1001 3087 1239 3153 XXXII
1260 3138 1275 3168 ,
1352 3108 1523 3172 quae
1595 3088 1888 3154 Meineke
1958 3089 2183 3167 affert,
2259 3087 2418 3151 satis
2463 3082 2742 3165 perspici

588 3204 823 3285 potest.
924 3204 1220 3271 Tantum
1289 3207 1465 3272 enim
1512 3207 1702 3271 abest
1749 3208 1823 3272 ut
1868 3207 2032 3271 haec
2091 3207 2405 3270 »naturae
2451 3201 2740 3287 quadam

591 3319 1007 3403 simplicitate
1077 3324 1694 3404 commendentur’',
1763 3326 1836 3388 ut
1902 3344 1978 3389 ea
2027 3324 2223 3407 plane
2270 3322 2401 3387 fere
2451 3318 2739 3385 careant.

680 3438 875 3518 Quod
909 3440 983 3505 ut
1015 3442 1364 3523 appareat,
1404 3441 1601 3505 ambo
1634 3440 1799 3505 haec
1835 3439 2200 3521 fragmenta
2232 3437 2738 3502 consideremus

586 3559 661 3623 In
710 3558 1077 3639 fragmento
1126 3559 1342 3641 priore
1361 3606 1389 3639 ‚.
1427 3558 1606 3640 quod
1655 3558 1777 3621 hos
1825 3576 2056 3621 versus
2105 3556 2431 3634 continet,

943 3698 1264 3769 Παρθένος,
1310 3700 1343 3771 ἣ
1390 3695 1621 3751 Κιλίκων
1662 3696 1810 3771 εἶχεν
1852 3695 2190 3768 ἀνακτορίην

871 3802 1186 3876 ἀγχίγαμος
1230 3800 1281 3855 δ’
1325 3800 1511 3855 ἔπελεν
1553 3803 1788 3874 καθαρῷ
1826 3795 1872 3854 δ’
1914 3798 2237 3866 ἐπεμαίνετο
2277 3794 2474 3867 Κύδνῳ

937 3904 1229 3977 Κύπριδος
1271 3904 1337 3965 ἐξ
1388 3904 1606 3959 ἀδύτων
1646 3906 1865 3975 πυρσὸν
1910 3904 2262 3973 ἀναψαμένη,

869 4008 1052 4064 εἰσόκε
1090 4028 1182 4075 μιν
1226 4005 1441 4079 Κύπρις
1487 4011 1661 4080 πηγὴν
1709 4010 1866 4072 θέτο,
1907 4006 2040 4073 μῖξε
2082 4002 2133 4059 δ’
2177 4004 2350 4076 ἔρωτι

938 4108 1161 4166 Κύδνου
1206 4106 1293 4165 καὶ
1332 4108 1552 4182 νύμφης
1599 4108 1902 4164 ὑδατόεντα
1944 4109 2151 4180 γάμον,

583 4265 872 4348 primum
918 4266 986 4331 id
1036 4285 1273 4350 parum
1322 4265 1597 4348 simplex
1644 4263 1850 4343 duco,
1903 4264 2084 4347 quod
2127 4265 2323 4347 poeta
2355 4283 2443 4329 vs
2490 4264 2555 4342 1,
2591 4262 2739 4328 Cal-
