3392 5292
1528 625 1650 688 101

1308 842 1408 906 Vs.
1469 837 1861 949 340—344.

708 1004 814 1063 His
852 1004 953 1064 ubi
995 1004 1273 1065 sollicitos
1315 1005 1495 1066 animi
1536 1004 1898 1065 relevaverat
1940 1016 2136 1064 aestus

708 1107 963 1167 Vocibus
1006 1116 1063 1169 et
1101 1109 1315 1170 blanda
1354 1116 1560 1188 pectus
1604 1128 1710 1187 spe
1752 1109 1972 1168 luserat
2014 1127 2287 1185 aegrum,

708 1213 999 1273 Paulatim
1039 1216 1426 1275 tremebunda
1463 1215 1627 1291 genis
1667 1214 1962 1274 obducere
1999 1220 2221 1274 vestem

713 1318 964 1395 Virginis
1006 1325 1064 1379 et
1101 1318 1392 1397 placidam
1432 1319 1689 1379 tenebris
1735 1325 1971 1395 captare
2013 1318 2269 1395 quietem

703 1424 940 1484 Inverso
981 1424 1247 1485 bibulum
1288 1424 1656 1500 restinguens
1701 1424 1902 1482 lumen
1943 1421 2095 1482 olivo

709 1528 915 1605 Incipit
954 1535 1063 1588 etc.

586 1671 695 1732 (Vs.
747 1669 854 1724 341
891 1688 984 1741 spe
1027 1689 1101 1725 om
1140 1670 1195 1725 Η
1245 1671 1256 1743 Ι
1305 1671 1508 1727 luserat
1540 1672 1653 1726 edd.
1688 1676 1820 1727 ant:
1854 1670 2086 1725 iusserat
2120 1668 2168 1724 A
2206 1669 2274 1736 R,
2312 1671 2508 1726 viserat
2545 1670 2666 1737 Ha,

510 1763 774 1819 clauserat
825 1765 874 1820 L
917 1774 943 1832 ΙΙ
981 1784 1058 1821 vs.
1097 1767 1200 1821 342
1236 1767 1406 1837 gemis
1441 1766 1498 1821 H
1528 1773 1565 1853 J!
1607 1767 1712 1821 344
1751 1766 2084 1837 restinguens
2120 1767 2300 1838 σπάρος
2337 1767 2666 1837 restringens

510 1859 558 1913 Ο
589 1860 899 1931 (restrigens
933 1861 1017 1926 L).

602 2010 829 2094 Heyne
876 2012 944 2077 in
994 2012 1362 2078 Comment.
1408 2013 1493 2078 ad
1528 2031 1786 2077 versum
1825 2011 1956 2077 343
1993 2012 2154 2077 haec
2186 2012 2421 2078 babet:
2478 2014 2662 2078 „Hoc

507 2128 661 2193 facit
708 2129 926 2211 puella
974 2133 1049 2196 ut
1096 2131 1313 2213 captet
1361 2131 1680 2214 quietem,
1735 2130 1951 2213 capiat
2003 2149 2346 2215 somnum3
2384 2132 2454 2196 at
2486 2150 2662 2195 nunc

506 2266 673 2313 anus
730 2248 1017 2330 puellam
1065 2250 1161 2313 ori
1210 2249 1497 2313 obducta
1547 2251 1722 2314 veste
1770 2249 1856 2312 ad
1905 2268 2216 2313 somnum
2265 2248 2657 2334 componit”.

503 2367 735 2445 Recte,
788 2354 1017 2451 procul
1067 2368 1286 2432 dubio.
1364 2367 1500 2431 Etsi
1547 2368 1747 2448 igitur
1795 2372 2018 2448 aptare
2065 2368 2169 2431 hic
2204 2368 2408 2432 latere
2435 2368 2661 2450 Heyne

503 2487 905 2569 suspicatur,
973 2505 1127 2551 mox
1191 2488 1413 2550 tamen
1478 2490 1736 2567 captare
1783 2486 2022 2568 probat
2076 2487 2280 2569 atque
2337 2486 2653 2570 explicat:

514 2623 907 2682 arcessere,
957 2623 1226 2686 parare,
1277 2623 1395 2687 per
1442 2604 1780 2679 tenebra5‚
1834 2623 2000 2685 quas
2034 2604 2334 2681 obducit,
2374 2586 2658 2670 extincta

500 2722 803 2797 lucerna,
856 2721 1016 2788 olivo
1040 2724 1305 2803 inverse,
1345 2723 1421 2788 ut
1444 2722 1767 2787 obruatur
1790 2721 1936 2787 oleo
1963 2723 2172 2788 affuso
2202 2722 2656 2805 ellychnium”.

503 2840 634 2905 Sed
681 2844 933 2923 captare
977 2840 1069 2904 ita
1117 2840 1271 2904 alibi
1320 2859 1452 2903 non
1501 2839 1759 2905 dicitur.
1834 2840 2197 2906 Wakefield
2232 2862 2353 2923 pro
2382 2843 2659 2908 tenebris

502 2964 758 3041 captare
804 2958 1144 3041 proposuit
1190 2958 1481 3023 membris
1528 2963 1844 3041 coeptare,
1906 2960 2023 3024 sed
2073 2936 2235 3025 haec
2284 2962 2660 3044 conjectura

502 3077 662 3141 nihil
710 3075 941 3152 habet,
996 3096 1129 3159 quo
1162 3096 1231 3141 se
1264 3077 1697 3142 commendet.
1775 3077 1934 3142 Mihi
1958 3078 2376 3144 scribendum
2401 3080 2659 3146 videtur

502 3200 560 3261 et
594 3195 923 3277 placidam
971 3194 1239 3261 tenebris
1287 3194 1527 3261 lactare
1572 3195 1856 3279 quietem.

1298 3382 1401 3447 Vs.
1463 3381 1781 3448 374—37
1790 3384 1849 3447 7.

704 3548 847 3607 Inde
889 3565 1103 3624 magno
1145 3546 1402 3623 geminat
1444 3547 1562 3607 Iovi
1604 3547 1876 3624 frigidula
1918 3566 2112 3621 sacra,

706 3650 891 3713 Sacra
931 3670 1040 3712 nec
1081 3648 1290 3711 Aeaeis
1332 3652 1563 3711 anubus
1601 3671 1712 3712 nec
1755 3652 1986 3728 cognita
2028 3650 2228 3722 GraiS‚

703 3756 931 3832 Pergit,
974 3753 1291 3833 Amyclaeo
1334 3774 1616 3833 spargens
1658 3756 1865 3815 altaria
1905 3756 2084 3816 thallo
2098 3801 2112 3829 ,

701 3859 880 3936 Regis
923 3860 1184 3921 Iolciacis
1227 3860 1491 3920 animum
1532 3860 1785 3937 defigere
1825 3860 1992 3919 votis.

571 4002 683 4065 (Vs.
742 4002 845 4060 374
903 4000 1063 4075 Inde]
1121 4001 1267 4056 Hinc
1301 4001 1349 4056 L
1432 4002 1443 4074 Ι
1509 4019 1701 4072 magno
1756 4005 2010 4071 generata
2062 4000 2172 4057 iovi
2232 4002 2278 4057 L
2326 4002 2337 4074 Ι
2399 4001 2653 4073 frigidula

499 4098 548 4151 A
604 4094 661 4148 H
710 4096 763 4150 R
813 4114 905 4151 om.
957 4096 1005 4151 L
1056 4098 1149 4151 lac.
1206 4098 1297 4152 rel.
1351 4102 1377 4160 ΙΙ
1424 4114 1501 4151 vs.
1539 4097 1640 4155 375
1679 4096 1872 4151 Aeaeis
1907 4098 2180 4152 Heinsius:
2219 4096 2354 4153 ideis
2390 4097 2438 4152 Ο
2471 4095 2648 4155 Idaeis

501 4193 647 4263 vulqo
705 4194 717 4262 Ι
776 4190 979 4245 anabus
1036 4198 1090 4253 (u
1141 4194 1197 4246 in
1252 4192 1271 4246 i
1322 4198 1451 4257 corr)
1502 4190 1592 4246 H:
1649 4191 1838 4248 avibus
1897 4193 1943 4248 L
1994 4193 2211 4248 senibus
2244 4195 2291 4248 A
2329 4193 2382 4249 R
2427 4194 2440 4267 Ι
2487 4195 2649 4265 graiis

499 4287 547 4342 L
588 4293 615 4352 ΙΙ
652 4306 731 4343 vs.
767 4287 871 4347 376
906 4286 1093 4343 Perdit-
1128 4289 1175 4342 A
1214 4288 1266 4343 R
1312 4288 1323 4361 Ι
1372 4288 1607 4361 amycleo
1644 4288 1838 4352 (amiel.
1873 4295 1923 4354 a)
1959 4306 2214 4362 spargens
2237 4289 2286 4345 L
2311 4308 2366 4345 a:
2400 4289 2650 4345 amicleos
