3392 5292
1686 595 1735 655 8

638 810 1037 877 laceraverit.
1135 808 1265 873 Sed
1337 807 1500 872 haec
1569 808 1836 872 credere
1906 826 2120 889 neque
2191 807 2519 872 Homerus
2575 828 2787 890 neque

637 929 903 1007 auctor,
983 945 1182 1009 quem
1261 926 1368 991 isti
1447 926 1682 1008 poetae
1761 925 1969 989 secuti
2047 926 2231 1005 sunt,
2313 926 2659 1008 patiuntur
2710 925 2783 1009 ¹).

636 1047 764 1112 Alii
832 1046 1008 1110 enim
1055 1045 1218 1109 alias
1265 1044 1460 1125 vulgo
1507 1043 1756 1108 finxere
1809 1042 2099 1126 puellas,
2154 1062 2233 1107 ex
2280 1044 2521 1126 quibus
2569 1043 2787 1126 Scylla

509 1236 518 1243 ,
636 1165 986 1230 Homerica
1052 1164 1196 1227 orta
1245 1163 1434 1227 esset.
1531 1160 1861 1226 Homerus
1909 1161 2045 1243 ipse
2093 1160 2378 1243 Scyllam
2427 1160 2787 1225 Crataeidis

637 1281 843 1347 filiam
917 1300 1057 1345 esse
1121 1280 1314 1358 dicit,
1364 1279 1473 1345 alii
1505 1297 1668 1342 eam
1717 1277 2051 1343 Echidnae
2098 1278 2304 1343 filiam
2350 1279 2625 1361 putant,
2677 1278 2788 1343 alii

636 1400 706 1463 in
741 1398 1031 1463 carmine
1065 1396 1416 1460 Homerico
1447 1395 1786 1461 libidinem
1812 1396 2207 1480 descriptam
2240 1417 2379 1461 esse
2416 1397 2785 1480 perhibent,

636 1516 748 1582 alii
827 1515 1110 1596 denique
1188 1514 1457 1578 censent
1526 1514 1844 1595 virginem
1914 1514 2204 1598 aliquam
2276 1518 2343 1580 in
2415 1517 2787 1581 monstrum

636 1633 1036 1699 Messanium
1083 1632 1410 1725 mutatam
1457 1651 1597 1696 esse
1643 1632 1747 1696 vel
1795 1632 1880 1697 ab
1930 1632 2325 1716 Amphitrite
2346 1683 2361 1713 ,
2406 1634 2585 1715 quod
2608 1632 2783 1715 Nep-

639 1752 840 1816 tunus
910 1770 1058 1815 eam
1129 1751 1626 1832 compresserit,
1702 1750 1803 1815 vel
1867 1770 1907 1816 a
1970 1753 2221 1817 Venere
2247 1802 2263 1832 ,
2316 1771 2519 1833 quam
2566 1751 2785 1835 puella

639 1870 829 1935 donis
875 1869 1294 1935 fraudaverit.

732 1987 803 2052 Si
851 1987 1010 2070 quid
1057 1986 1275 2066 video,
1333 1987 1472 2052 toto
1520 1986 1645 2050 hoc
1693 1985 1841 2051 loco
1888 1987 2052 2052 haec
2091 1988 2324 2070 poetae
2362 1997 2783 2069 argumenta-

639 2107 730 2172 tio
799 2105 983 2171 latet.
1057 2105 1228 2171 Cum
1297 2104 1626 2170 Homerus
1696 2106 1836 2188 ipse
1886 2105 2137 2188 Scyllae
2185 2104 2598 2171 Crataeidem
2644 2126 2781 2171 ma-

640 2226 810 2289 trem
877 2222 1157 2303 tribuat,
1226 2224 1368 2307 jam
1438 2224 1612 2288 hanc
1685 2224 1774 2288 ob
1838 2243 2109 2289 causam
2173 2224 2388 2307 Scylla
2438 2225 2787 2291 Homerica

637 2341 777 2407 Nisi
847 2340 982 2405 filia
1039 2360 1180 2405 esse
1234 2360 1370 2405 non
1418 2341 1654 2424 potest.
1753 2341 2103 2407 Praeterea
2150 2341 2437 2425 Scyllam
2487 2362 2527 2407 a
2575 2344 2787 2409 matre

639 2459 1012 2525 monstrum
1099 2460 1359 2542 partam
1448 2478 1587 2524 esse
1677 2459 1849 2523 idem
1938 2458 2264 2525 Homerus
2352 2460 2551 2540 dicit,
2634 2480 2787 2526 cum

640 2579 869 2644 nostra
933 2576 1150 2660 Scylla
1213 2597 1348 2642 non
1417 2579 1571 2643 ante
1619 2578 1919 2642 adultam
1968 2578 2253 2643 aetatem
2300 2578 2367 2642 in
2416 2581 2787 2645 monstrum
2894 2670 2897 2673 ἢ
2940 2633 2944 2634 ⁷
3006 2560 3009 2563 ’

639 2696 972 2761 marinum
1042 2696 1300 2760 mutata
1364 2714 1502 2759 esse
1566 2696 1874 2778 potuerit.
1972 2694 2102 2761 Sed
2161 2696 2357 2761 etiam
2407 2697 2585 2761 varia
2633 2718 2788 2781 poe-

641 2815 860 2880 tarum
932 2812 1248 2894 figmenta
1313 2814 1393 2878 de
1458 2814 1706 2895 origine
1754 2813 2031 2879 monstri
2078 2808 2565 2880 Messanii'non
2615 2816 2785 2899 pati-

640 2933 846 2999 untur
892 2932 1157 2996 credere
1205 2933 1502 2998 nostram
1548 2931 1836 3015 Scyllam
1882 2932 1951 2997 in
2000 2932 2162 2997 illud
2210 2936 2581 3022 monstrum
2628 2954 2786 3000 con-

639 3070 895 3117 versam
943 3068 1100 3114 esse.

734 3169 909 3248 Quid
983 3167 1159 3233 enim
1223 3168 1415 3251 juvat
1473 3168 1872 3233 contendere
1903 3219 1919 3249 ,
1970 3168 2063 3234 ita
2110 3170 2324 3252 pergit
2372 3174 2811 3253 poeta,‘non·

641 3288 1057 3355 Crataeidem
1081 3287 1196 3353 sed
1220 3286 1586 3352 Echidnam
1610 3289 1985 3352 monstrum
2010 3289 2368 3371 peperisse,
2397 3290 2516 3355 aut
2536 3290 2788 3374 Scyllae

637 3405 934 3472 fabulam
981 3405 1049 3469 in
1097 3404 1386 3469 carmine
1450 3404 1801 3469 Homerico
1850 3424 1989 3469 esse
2038 3405 2456 3489 allegoricam
2502 3407 2790 3475 libidinis

623 3524 1133 3590 narrationem?
1226 3522 1475 3588 Eadem
1523 3542 1747 3587 rerum
1796 3525 2231 3611 repugnantia
2278 3528 2521 3590 manet.

731 3643 820 3707 At
889 3644 1044 3707 sunt
1114 3642 1227 3724 qui
1275 3641 1587 3719 narrent,
1644 3642 1816 3706 dicet
1865 3640 2032 3707 forte
2080 3642 2447 3725 quispiam,
2503 3643 2787 3727 Scyllam

639 3759 1054 3825 Homericam
1140 3760 1296 3825 ante
1365 3760 1802 3825 mutationem
1872 3761 1941 3825 in
2011 3761 2381 3826 monstrum
2454 3762 2787 3827 marinum

641 3877 958 3959 virginem
1012 3876 1230 3943 fuisse.
1329 3876 1661 3957 Conced0‚
1715 3879 1929 3961 inquit
1977 3879 2203 3961 poeta,
2258 3878 2374 3944 sed
2422 3879 2467 3944 ii
2515 3898 2787 3945 causam

715 4231 752 4295 ¹)
787 4227 870 4282 De
905 4227 1004 4283 hac
1037 4229 1479 4301 interpretatione
1522 4242 1704 4285 versus
1742 4232 1839 4297 63,
1878 4232 1999 4287 vide
2034 4200 2172 4303 quae
2207 4232 2399 4305 Capite
2417 4232 2500 4288 IV
2521 4233 2783 4318 dicentur.
