3392 5292
1582 613 1667 676 93

547 846 665 908 pro
736 831 957 908 atque,
1031 826 1211 909 quod
1282 845 1512 890 omnes
1584 828 1839 891 codices
1909 829 2257 908 exhibent,
2325 850 2430 894 me
2471 830 2693 913 judice

544 945 895 1009 abundans
963 949 1155 1026 utque
1224 945 1607 1027 scripserim.
1711 943 1944 1009 Nullus
2018 947 2114 1010 est
2178 948 2282 1011 hic
2329 947 2691 1030 particulae

544 1062 635 1126 illi
704 1062 906 1126 locuS.
1004 1061 1235 1127 Latine
1306 1064 1573 1145 quidem
1648 1063 1889 1127 dicitur
1957 1065 2116 1129 vivit
2176 1065 2356 1131 modo
2403 1066 2694 1148 seraa-um

544 1180 661 1245 aut
728 1180 888 1244 vioeit
953 1186 1027 1243 ut
1094 1180 1271 1260 ferae
1340 1181 1455 1244 sed
1524 1181 1685 1245 vixit
1755 1186 1829 1246 ut
1898 1182 2078 1247 modo
2149 1182 2435 1265 ferarum
2496 1203 2692 1249 nemo

545 1299 999 1363 Romanorum
1048 1317 1366 1381 umquam
1415 1299 1593 1363 dixit.
1694 1299 1764 1363 Si
1812 1299 1972 1383 quid
2020 1300 2242 1379 video,
2294 1302 2689 1366 vocabulum

502 1419 758 1500 utque,
836 1436 969 1500 quo
1038 1421 1260 1498 saepta
1329 1435 1482 1480 cum
1549 1416 1793 1481 iactata
1840 1418 2296 1501 coniungitur,
2348 1418 2690 1484 offensioni

544 1554 679 1600 non
751 1535 882 1614 est,
956 1535 1073 1600 sed
1141 1536 1458 1599 mendum
1529 1535 1599 1600 in
1671 1536 1872 1600 verbo
1941 1536 2182 1602 iactata
2252 1538 2446 1615 latet,
2514 1538 2694 1620 quod

545 1656 801 1720 mutare
864 1654 1091 1718 malim
1154 1654 1223 1718 in
1267 1653 1538 1735 furiata.
1637 1635 1780 1717 Hoc
1830 1654 2004 1719 enim
2052 1655 2265 1720 solum
2316 1656 2404 1719 rei
2455 1674 2690 1719 conve-

545 1774 685 1838 nire
732 1773 893 1837 mihi
939 1772 1213 1837 videtur.
1809 1836 1814 1840 .

637 1892 897 1976 Payina
940 1911 1106 1968 voce,
1165 1891 1240 1955 ut
1286 1888 1617 1954 Baehrens
1666 1908 1758 1954 vs.
1812 1891 1898 1954 88
1949 1909 2070 1973 pro
2119 1890 2383 1973 vulgata
2414 1890 2691 1956 lectione

544 2022 682 2076 voce
722 2029 1010 2093 papyrus
1060 2008 1400 2086 emendat,
1458 2027 1592 2073 non
1643 2009 2010 2073 necessario
2058 2011 2449 2092 postulatur.
2522 2009 2692 2074 Nam

502 2130 743 2193 'etiam
812 2126 1114 2194 Catullus
1184 2125 1507 2191 vocabulo
1570 2148 1860 2211 papyrus
1931 2128 2162 2192 eodem
2211 2147 2408 2193 sensu
2457 2128 2685 2194 utitur.

546 2245 641 2310 Cf.
693 2266 892 2311 carm.
948 2248 1077 2311 35:
1121 2247 1147 2310 1
1207 2265 1301 2328 sq.

1026 2430 1240 2488 Poetae
1280 2435 1510 2502 tenero,
1552 2446 1687 2489 meo
1733 2427 1919 2488 sodali

1023 2532 1209 2592 Velim
1252 2532 1504 2593 Caecilio
1521 2578 1535 2607 ‚
1579 2552 1800 2611 papyre
1820 2578 1834 2604 ,
1877 2533 2036 2593 dicas

1024 2636 1317 2698 Veronam
1359 2636 1579 2709 veniat,
1626 2644 1736 2697 etc.

1392 2817 1494 2879 Vs.
1548 2817 1844 2881 89—91.

742 2998 1036 3076 Quicquid
1078 3005 1135 3059 et
1176 3004 1241 3058 ut
1283 2987 1534 3075 quisque
1580 3003 1670 3058 est
1711 2997 1813 3057 tali
1856 2998 1927 3056 de
1968 2998 2133 3057 clade
2172 2999 2404 3058 locutus
2422 3043 2436 3072 ‚

746 3103 961 3164 Omnia
998 3109 1162 3176 sunt3
1206 3103 1401 3182 potius
1446 3102 1621 3163 liceat
1664 3111 1972 3163 notescere
2015 3101 2175 3163 Cirin
2196 3148 2212 3176 ,

740 3208 934 3285 Atque
974 3228 1155 3269 unam
1194 3228 1267 3268 ex
1307 3208 1507 3284 multis
1556 3208 1813 3286 Scyllam
1854 3227 1976 3267 non
2018 3226 2149 3267 esse
2185 3207 2410 3285 puellis.

610 3385 725 3451 (Va.
781 3386 849 3440 89
902 3385 1145 3457 quisquis
1197 3385 1294 3441 tali
1333 3385 1381 3441 L
1430 3387 1440 3458 Ι
1488 3386 1748 3458 loquutur
1784 3385 1831 3440 L
1871 3392 1896 3449 ΙΙ
1937 3402 2014 3439 νε.
2053 3383 2122 3438 90
2166 3381 2360 3437 Omnia
2395 3387 2522 3435 sunt
2554 3382 2602 3434 A
2639 3380 2688 3437 L

542 3482 719 3536 omnia
754 3482 853 3536 sim
888 3480 947 3535 H
986 3481 1157 3537 Omne
1192 3499 1343 3536 suam
1380 3481 1432 3536 R
1480 3482 1490 3552 Ι
1539 3480 1688 3536 cirim
1725 3480 1780 3535 Η
1821 3480 1984 3552 cyrim
2026 3483 2071 3533 A
2107 3478 2158 3533 R
2195 3479 2338 3533 crein
2375 3477 2457 3541 L.)

634 3657 864 3721 Merito
937 3656 1207 3739 Hauptii
1277 3656 1806 3720 emendationem
1852 3652 2263 3737 Mnemosyne
2308 3672 2428 3737 pro
2476 3652 2694 3716 omnia

539 3778 693 3839 sunt
774 3774 1046 3856 legentis
1120 3774 1452 3839 Baehrens
1524 3793 1658 3837 non
1732 3772 1992 3855 recepit.
2091 3771 2237 3836 Non
2305 3770 2474 3835 enim
2551 3770 2683 3845 est,

540 3895 719 3978 quod
789 3896 985 3976 poeta
1048 3890 1152 3956 hic
1223 3893 1480 3957 Musam
1536 3892 1828 3989 invocet.
1923 3890 2190 3957 Somnia
2259 3894 2447 3967 sunt,
2506 3888 2686 3970 quod

542 4014 844 4078 Heinsius
884 4012 1026 4095 jam
1077 4010 1437 4090 divinarat‚
1486 4008 1822 4074 Baehrens
1871 4010 2044 4075 recte
2094 4007 2402 4091 reposuit.
2478 4007 2686 4070 Versu

538 4132 836 4215 sequenti
883 4129 1119 4197 Siculis
1164 4132 1310 4214 post
1356 4128 1575 4194 multis
1621 4128 1933 4193 excidisse
1981 4127 2141 4191 mihi
2175 4128 2464 4204 videtur,
2504 4125 2683 4208 quod

539 4250 935 4327 =vocabulum
1022 4268 1302 4333 sequens
1387 4248 1736 4330 absorpsit.
1854 4246 2042 4311 Metri
2114 4241 2421 4329 explendi
2486 4262 2686 4313 causa
