3392 5292
1383 1700 1762 1767 CAPUT
1842 1701 1959 1765 1V.

1084 1928 1754 2010 Adnotationes
1825 1926 2260 2013 criticae.

691 2540 867 2604 Inter
932 2538 1103 2601 viros
1168 2536 1430 2615 doctOS‚
1480 2535 1594 2618 qui
1643 2535 1884 2599 nostris
1931 2534 2340 2616 temporibus
2389 2536 2747 2618 plurimum

591 2656 871 2723 attulere
921 2656 1007 2721 ad
1057 2654 1222 2720 Ciris
1271 2655 1523 2719 textum
1556 2654 2044 2719 emendandum
2081 2653 2143 2719 et
2175 2654 2744 2734 constituendum,

598 2774 917 2858 imprimis
964 2772 1252 2838 habendi
1296 2774 1451 2838 sunt
1485 2772 1569 2836 M.
1608 2771 1869 2854 Haupt,
1908 2771 1982 2835 O.
2019 2770 2350 2852 Ribbeck,
2377 2772 2435 2837 J.
2460 2770 2746 2856 Maehly,

597 2894 762 2958 Lud.
812 2889 1134 2957 Schwabe
1184 2869 1249 2953 et
1296 2891 1666 2971 postremus
1716 2889 1901 2955 Aem.
1952 2888 2306 2955 Baehrens.
2407 2888 2538 2970 Qui
2587 2893 2750 2974 quot

599 3008 1004 3092 corruptelas
1093 3025 1243 3071 rara
1330 3004 1633 3070 felicitate
1722 3005 1965 3087 ingenii
2052 3006 2471 3087 sustulerint,
2562 3007 2750 3074 facile

598 3125 977 3209 agnoscitur
1040 3142 1121 3189 ex
1194 3125 1410 3204 textu,
1488 3142 1688 3207 quem
1751 3124 2128 3211 nuperrime
2176 3126 2362 3191 Aem.
2416 3127 2749 3192 Baehrens

599 3248 667 3311 in
731 3245 947 3310 lucem
1010 3243 1229 3307 edidit.
1330 3242 1668 3325 Plerisque
1717 3243 2288 3308 emendationibus
2335 3244 2426 3309 ibi
2477 3247 2752 3329 receptis

596 3361 1047 3428 lubentissime
1113 3360 1433 3426 assentior
1496 3380 1774 3444 easque,
1840 3361 1916 3425 ut
1977 3361 2070 3426 ita
2131 3364 2374 3442 dicam,
2425 3364 2750 3429 ambabus

598 3481 906 3548 manibus
954 3480 1349 3563 amplector;
1402 3478 1736 3544 nonnullis
1770 3480 1990 3546 tamen
2023 3480 2092 3544 in
2123 3482 2280 3546 locis
2313 3503 2353 3548 a
2384 3482 2538 3548 Viro
2571 3483 2741 3549 Clar.

602 3599 942 3665 dissentire
992 3617 1194 3663 ausus
1236 3617 1382 3663 sum
1407 3646 1423 3678 ,
1459 3597 1573 3662 ubi
1606 3618 1756 3663 meo
1782 3596 2030 3683 judicio
2063 3600 2474 3684 conjecturas
2507 3602 2754 3684 recepit

601 3718 718 3783 aut
781 3736 917 3781 non
980 3716 1380 3781 necessarias
1445 3717 1563 3782 aut
1608 3716 1806 3781 nimis
1853 3717 2053 3782 duras
2099 3718 2216 3784 aut
2265 3718 2618 3802 ejusmodi,
2674 3721 2750 3784 ut

600 3836 973 3901 criticorum
1011 3834 1291 3901 aliorum
1325 3816 1605 3901 inventis
1636 3836 1870 3901 melius
1902 3837 2484 3903 commutarentur.
2563 3837 2749 3917 Quae

602 3954 971 4021 accuratius
1035 3954 1471 4037 perscrutanti
1532 3954 1694 4019 mihi
1758 3956 1952 4021 liceat
2010 3956 2203 4020 simul
2253 3976 2465 4039 pauca
2514 3956 2594 4021 de
2643 3976 2749 4021 me

601 4074 742 4156 ipso
814 4072 1104 4155 proferre
1124 4122 1140 4152 ‚
1215 4072 1455 4155 quibus
1513 4074 1789 4139 fortasse
1833 4074 2052 4139 textus
2099 4074 2321 4139 sanior
2368 4075 2469 4139 vel
2514 4074 2750 4140 saltem

599 4191 935 4258 intellectu
985 4190 1233 4257 facilior
1280 4191 1613 4259 reddatur.
