3392 5292
1509 611 1593 674 97

499 823 699 887 verba
773 824 1130 889 sexcenties
1179 823 1693 890 confunduntur.
1799 824 2012 889 Minus
2066 824 2288 901 tamen
2339 822 2424 887 ab
2474 822 2650 886 litte-

500 960 724 1006 rarum
775 942 1085 1007 ductibus
1133 943 1394 1008 recedes
1414 992 1429 1022 ,
1480 944 1534 1007 si
1582 943 1825 1008 scribes
1872 942 2175 1008 dominos.

594 1060 896 1139 Quatuor
965 1081 1224 1138 versus„
1317 1063 1431 1155 qui
1502 1062 1908 1146 sequuntur3
1982 1058 2402 1125 vehementer
2479 1058 2651 1123 viros

498 1179 965 1244 eruditissimos
1014 1181 1464 1247 exercuerunt.
1532 1180 1665 1246 Nec
1714 1180 1993 1257 mirum;
2048 1198 2204 1245 nam
2238 1178 2402 1243 adeo
2437 1175 2651 1241 vitiosi

500 1297 686 1374 sunt,
764 1298 840 1363 ut
888 1298 1055 1364 forte
1110 1319 1477 1383 numquam
1526 1299 1798 1364 omnino
1846 1299 2184 1364 sanentur.
2283 1296 2451 1360 Vero
2499 1312 2650 1377 pro-

392 1442 396 1447 ·
496 1415 673 1481 xima
717 1416 877 1481 mihi
927 1418 1184 1484 videtur
1230 1418 1420 1485 lectio
1467 1418 1994 1484 Baehrensiana:

702 1606 864 1666 Idem
902 1611 1031 1665 tum
1070 1604 1254 1666 tristis
1296 1606 1544 1666 acuebat
1584 1607 1862 1683 parvulus
1902 1605 2043 1665 iras.

702 1710 941 1771 lunonis
981 1729 1230 1787 magnae
1247 1756 1261 1784 ,
1306 1710 1473 1771 cuius
1515 1711 1641 1771 fera
1680 1710 1868 1787 iurgia
1910 1709 2074 1771 divae

680 1814 860 1875 'Olim
898 1815 1062 1893 ipsae
1102 1821 1365 1876 metuere
1381 1861 1395 1889 ,
1442 1817 1591 1876 eheu
1633 1815 1894 1894 peritura
1941 1816 2135 1893 puella

700 1918 857 1979 Nulli
897 1937 1019 1980 non
1058 1927 1323 1981 sanctam
1364 1920 1678 1980 violaverat
1727 1920 1912 1981 inscia
1952 1921 2172 1980 sedem.

597 2102 728 2168 Sed
786 2102 841 2166 si
887 2101 981 2166 ita
1029 2100 1249 2165 locum
1296 2101 1856 2184 interpungimuS,
1907 2101 2078 2181 irae,
2128 2101 2205 2164 ut
2250 2098 2434 2179 Sillig
2481 2098 2656 2162 recte

496 2220 636 2304 jam
705 2219 997 2297 monuit,
1049 2219 1207 2283 sunt
1252 2218 1731 2301 intellegendae
1780 2219 1985 2302 ipsius
2032 2218 2294 2283 Amoris
2342 2218 2406 2281 et
2455 2216 2656 2281 verba

500 2339 775 2405 Iunonis
818 2357 1087 2423 maynae
1134 2338 1425 2419 pendent
1473 2357 1514 2402 a
1560 2337 1904 2409 violaverat
1945 2337 2150 2403 inscia
2174 2334 2398 2401 sedem.
2475 2334 2654 2400 Haec
2700 2408 2702 2411 y

501 2458 725 2521 autem
788 2455 863 2520 ut
910 2454 1212 2534 credam,
1262 2445 1501 2519 adduci
1550 2474 1685 2519 non
1736 2474 2027 2538 possum.
2125 2454 2406 2519 Plenam
2452 2452 2656 2517 inter-

503 2574 927 2656 punctionem
990 2592 1128 2637 non
1190 2574 1341 2655 post
1401 2574 1539 2638 iras
1604 2574 1720 2638 sed
1768 2574 1918 2656 post
1962 2593 2232 2657 magnae
2281 2572 2657 2656 ponendam

504 2694 687 2775 puto»
784 2690 1034 2755 Deinde
1105 2691 1377 2755 verbum
1455 2694 1630 2757 acuit
1691 2693 1796 2757 hic
1867 2691 2153 2783 intellegi
2225 2710 2357 2756 non
2413 2691 2652 2774 potest.

504 2809 763 2874 Etenim
825 2827 962 2873 non
1001 2802 1231 2872 ⁵Amor
1292 2810 1469 2873 acuit
1514 2810 1886 2893 Junonem‚
1937 2810 2068 2883 sed
2098 2811 2272 2875 Juno
2322 2811 2652 2874 Amorem.

472 2926 757 3008 -Nempe
824 2925 990 2990 ordo
1062 2944 1282 2990 rerum
1354 2926 1459 2992 hic
1524 2928 1641 2994 est.
1737 2929 1911 2993 Juno
1959 2948 1999 2993 a
2048 2928 2263 3013 Scylla
2310 2928 2488 2992 laesa
2538 2928 2654 2991 est.

506 3046 595 3110 Ut
618 3045 829 3109 scelus
862 3044 1118 3127 puellae
1150 3044 1587 3127 ulcisceretur,
1622 3046 1856 3112 insano
1890 3065 2112 3111 amore
2139 3066 2284 3112 eam
2311 3045 2394 3109 ab
2419 3046 2662 3110 Amore

507 3164 1051 3229 inflammandam
1099 3163 1368 3228 curavit.
1468 3166 1687 3245 Quare
1733 3166 2153 3230 scribendum
2203 3166 2298 3230 est
2346 3164 2659 3230 armabat.

600 3283 770 3362 Quia
815 3301 1013 3365 porro
1064 3300 1198 3346 non
1249 3282 1473 3361 vide0,
1526 3299 1645 3346 cur
1691 3282 2107 3364 potissimum
2155 3279 2336 3346 divae
2379 3280 2659 3345 Junonis

507 3400 645 3466 fera
691 3401 901 3483 iurgia
931 3401 1335 3481 metuerent,
1370 3400 1685 3483 scriptum
1722 3400 2018 3465 mallem:
2058 3398 2259 3467 Cuius
2282 3400 2426 3481 fera
2448 3399 2663 3482 iuryia

509 3519 691 3584 divae
757 3517 927 3585 Olim
987 3517 1057 3583 da·
1101 3524 1404 3600 metuere,
1457 3519 1572 3584 ubi
1619 3519 1782 3584 illud
1829 3518 1900 3584 di
1947 3538 2027 3583 ex
2074 3518 2451 3601 conjectura
2499 3517 2661 3581 Rib-

508 3636 825 3701 beckiana
894 3635 1261 3718 profectum
1332 3638 1551 3701 minus
1614 3656 1655 3701 a
1703 3636 2021 3702 librorum
2068 3636 2345 3701 lectione
2395 3634 2653 3699 recedit.

508 3754 804 3836 Denique
848 3772 971 3837 pro
1019 3754 1234 3819 verbis
1279 3754 1405 3819 illis
1452 3753 1602 3821 eheu
1644 3755 1967 3837 peritura,
2013 3774 2184 3837 quae
2216 3753 2548 3819 Baehrens
2581 3771 2658 3817 ex

510 3871 751 3936 codicis
798 3872 849 3936 L
894 3871 1173 3936 lectione
1212 3872 1466 3950 elicuit,
1502 3874 1922 3960 scribendum
1955 3875 2118 3956 puto
2149 3873 2318 3938 iram
2346 3870 2658 3935 subitura.

607 3990 911 4069 Legimus
957 3990 1194 4070 igitur:

594 4204 597 4207 -
633 4247 639 4251 ·
674 4240 680 4247 ‚
712 4169 875 4231 Idem
914 4176 1041 4229 tum
1081 4169 1263 4231 tristis
1302 4172 1569 4231 armabat
1610 4172 1886 4250 parvulus
1928 4172 2044 4232 iras

711 4273 955 4334 Junonis
994 4294 1259 4351 magnae.
1344 4275 1526 4337 Cuius
1570 4277 1694 4337 fera
1738 4276 1922 4353 iurgia
1966 4277 2129 4339 divae
