3392 5292
1738 607 1829 672 44

712 823 1128 889 hexametros
1176 826 1267 890 ita
1315 843 1454 889 esse
1503 824 1937 905 compositOS,
1989 826 2064 888 ut
2110 824 2228 888 aut
2277 824 2410 888 duo
2461 823 2701 905 dactyli
2749 826 2867 888 aut

713 942 842 1004 tres
911 939 1133 1005 insint.
1231 939 1391 1006 Post
1460 940 1747 1005 Ennium
1820 938 2205 1021 exemplum*
2265 957 2490 1004 versus
2555 941 2864 1023 spondeis

709 1058 862 1122 solis
925 1058 1287 1124 constantis
1356 1078 1487 1124 non
1552 1058 1883 1123 invenitur
1947 1059 2209 1140 praeter
2263 1057 2507 1124 Catulli
2554 1059 2864 1125 carminis
2954 1066 2963 1074 '

721 1176 850 1241 116
900 1197 992 1242 ve.
1043 1176 1119 1243 3:

994 1341 1110 1413 Qui
1149 1348 1206 1402 te
1248 1341 1492 1402 lenirem
1536 1341 1709 1401 nobis
1748 1361 1866 1402 neu
1907 1361 2205 1403 conarere.
2250 1340 2302 1416 ¹)

804 1499 964 1563 Rari
1019 1499 1176 1563 sunt
1237 1498 1282 1561 ii
1348 1517 1605 1576 versuS‚
1672 1500 1737 1563 in
1789 1499 2033 1580 quibus
2082 1517 2255 1563 unus
2306 1499 2607 1583 dactylus
2655 1500 2860 1577 inest,

711 1618 895 1700 isque
967 1617 1277 1699 quartum
1344 1616 1734 1699 plerumque
1792 1617 2027 1699 pedem
2076 1614 2290 1681 efficit.
2393 1614 2693 1682 Catullus
2742 1618 2866 1681 hac

709 1754 972 1819 quoque
1042 1735 1110 1799 in
1184 1754 1254 1799 re
1325 1735 1608 1817 plurima
1671 1736 1796 1799 sibi
1857 1755 2123 1800 sumens
2184 1755 2293 1800 eos
2340 1734 2867 1818 frequentissime

712 1852 1029 1919 adhibuit.
1131 1855 1354 1920 Sexies
1441 1874 1649 1917 unum
1739 1854 2073 1936 dactylum
2160 1854 2429 1919 admisit
2494 1854 2562 1917 in
2627 1854 2866 1935 quarto

711 1974 877 2056 pede
904 1974 950 2055 ²)
1024 1974 1090 2038 et
1162 1974 1228 2037 in
1303 1973 1514 2055 primo
1587 1972 1753 2055 pede
1826 1974 1941 2037 ter.
1973 1970 2025 2057 ³)
2122 1974 2197 2037 In
2264 1971 2396 2037 Ciri
2444 1973 2868 2037 inveniuntur

714 2112 804 2157 VS.
875 2093 1001 2156 96:
1071 2090 1447 2173 Dependent
1509 2090 1695 2170 flores
1744 2096 1858 2155 aut
1904 2110 2098 2155 suave
2143 2089 2377 2155 rubens
2420 2092 2752 2156 narcissus
2801 2093 2865 2156 et

715 2231 806 2275 VS.
859 2210 1032 2274 413:
1089 2210 1230 2291 Qua
1277 2228 1508 2295 curvus
1557 2213 1765 2273 terras
1812 2207 2217 2291 amplectitur
2264 2207 2733 2289 Hellespontus.

805 2327 1032 2391 Altera
1105 2325 1329 2407 regula
1393 2324 1460 2389 in
1527 2326 1885 2407 spondiaco
1955 2345 2143 2390 versu
2195 2326 2441 2406 exstat,
2494 2328 2570 2391 ut
2614 2328 2683 2391 in
2732 2329 2865 2392 fine

715 2465 849 2510 non
913 2444 1346 2510 collocaretur
1400 2444 1797 2507 vocabulum
1845 2443 1965 2507 nisi
2017 2446 2198 2526 quod
2248 2446 2367 2509 aut
2413 2447 2700 2527 quatuor
2748 2448 2863 2511 aut

715 2564 924 2657 tribus
974 2563 1307 2627 constaret
1352 2561 1633 2643 syllabis.
1690 2563 1863 2627 Sunt
1911 2562 2166 2640 autem,
2217 2562 2331 2644 qui
2365 2562 2625 2628 tantum
2663 2565 2860 2629 tetra-

710 2681 961 2764 syllaba
1008 2681 1076 2761 in
1124 2679 1255 2744 fine
1304 2680 1644 2762 posuerint
1693 2682 1769 2744 u't
1804 2679 2064 2758 Cicer0‚
2105 2681 2444 2759 HoratiuS‚
2485 2682 2863 2771 Propertius

709 2799 840 2863 alii.
938 2799 1062 2878 Qui
1132 2798 1482 2881 trisyllabis
1535 2799 1633 2862 usi
1681 2801 1839 2863 sunt
1888 2799 2097 2863 multo
2148 2800 2361 2864 rarius
2410 2800 2747 2882 trisyllaba
2796 2802 2862 2864 in

712 2918 844 2981 fine
910 2920 1275 2999 posuerunt
1322 2936 1524 3000 quam
1576 2917 2016 2998 tetrasyllaba.
2117 2916 2417 2983 Catullus
2467 2936 2693 2981 rursus
2741 2919 2864 2982 hoc

709 3053 830 3116 pro
900 3037 1044 3099 rata
1119 3037 1306 3118 parte
1378 3035 1662 3099 maxime
1737 3035 1920 3113 fecit,
1996 3036 2157 3101 dum
2220 3036 2385 3101 Ciris
2433 3037 2665 3101 auctor
2712 3055 2861 3100 eum

711 3152 995 3217 maxime
1054 3154 1350 3218 omnium
1415 3154 1722 3234 aequavit
1837 3154 1899 3217 Is
1948 3156 2122 3217 enim
2171 3155 2238 3218 in
2287 3155 2546 3237 saepius
2594 3155 2863 3219 laudato

710 3271 1001 3335 carmine
1052 3270 1141 3335 64
1189 3289 1301 3335 sex
1349 3270 1552 3335 habet
1600 3271 1742 3354 ejus
1775 3272 1954 3336 modi
1988 3292 2212 3337 versus
2231 3273 2286 3358 4)
2317 3291 2601 3356 quorum
2636 3273 2867 3336 auctor

713 3388 878 3455 Ciris
927 3388 1220 3471 quinque
1269 3388 1567 3471 exempla
1615 3389 1819 3454 habet
1864 3410 1957 3454 vs,
2012 3392 2139 3454 82:
2192 3391 2521 3472 pertimuit
2567 3390 2861 3465 latratus,

714 3508 802 3572 96
869 3526 1062 3572 suave
1122 3506 1356 3572 rubens
1429 3508 1801 3584 narcissus,
1855 3508 1992 3572 474
2043 3509 2342 3590 Neptuno
2391 3512 2675 3593 Ae9a60‚
2728 3509 2862 3572 519

722 3625 1012 3691 litoribus
1058 3624 1336 3692 desertis.

783 3898 821 3960 ¹)
879 3894 964 3950 Cf.
1001 3894 1134 3951 Luc.
1171 3896 1426 3950 Mueller:
1464 3895 1531 3950 de
1567 3914 1625 3951 re
1663 3896 1914 3962 metrica,
1946 3915 2065 3969 pag.
2112 3898 2226 3951 141.

782 3989 822 4054 2)
879 3989 960 4046 cf.
1001 3993 1222 4045 Carmen
1259 3991 1480 4058 64:74,
1520 3992 1654 4058 255,
1693 3993 1821 4059 258,
1866 3993 1995 4060 286,
2035 3993 2169 4058 297;
2205 3992 2381 4050 Carm.
2421 3995 2485 4048 65
2510 3994 2626 4047 223.

785 4087 824 4151 ³)
884 4086 963 4143 cf.
1006 4090 1229 4141 Carmen
1266 4086 1450 4154 6423,
1489 4089 1586 4154 44;
1625 4087 1800 4142 Carm.
1839 4089 1906 4143 68
1930 4116 1941 4143 ε
1965 4089 2049 4148 87.

781 4188 820 4245 ⁴)
880 4187 1102 4237 Carmen
1157 4182 1382 4247 64:44,
1429 4181 1531 4248 74,
1564 4182 1668 4248 96,
1712 4182 1839 4249 252,
1883 4184 2012 4251 291,
2058 4183 2186 4251 297,
2222 4187 2497 4255 praeterea
2528 4184 2585 4239 in
2622 4184 2866 4238 Carmine

713 4279 779 4333 65
821 4294 882 4333 vs
921 4277 988 4331 23
1026 4281 1081 4333 et
1116 4277 1172 4334 in
1213 4276 1462 4333 Carmine
1500 4278 1568 4333 66
1606 4295 1668 4331 vs
1708 4278 1792 4336 57.
