3392 5292
1698 578 1785 642 62

762 796 1000 877 Magna
1095 792 1337 874 ingenii
1430 766 1794 857 subtilitate
1882 790 2208 855 Schrader
2288 788 2460 877 (Lib.
2544 792 2815 858 Emend.

669 931 817 996 pag.
911 912 989 976 31
1070 909 1246 996 sqq.)
1322 908 1499 974 Cirin
1573 929 1613 973 a
1686 909 1965 990 Vergilio
2038 909 2469 991 compositam
2530 910 2822 974 indicare

598 1052 601 1057 ·
667 1032 944 1096 conatus
1038 1031 1137 1096 est
1231 1030 1504 1113 eiusque
1597 1028 1848 1113 judicio
1944 1028 2316 1111 complures
2388 1028 2511 1092 viri
2582 1028 2821 1092 doctis-

668 1150 815 1213 simi
906 1148 1471 1232 subscripserunt,
1563 1167 1662 1212 ex.
1739 1166 1832 1229 gr.
1907 1128 2309 1211 Valckenaer
2379 1146 2670 1211 Diatribe
2743 1132 2826 1212 de

670 1267 899 1349 fragm.
948 1267 1198 1350 ,Eurip.
1272 1285 1421 1349 pag.
1502 1267 1671 1331 160:
1758 1266 1863 1329 „Si
1938 1263 2102 1330 Ciris
2153 1265 2251 1329 est
2298 1264 2596 1346 Vergilii,
2645 1262 2824 1347 quod

671 1386 923 1451 erudite
971 1384 1311 1468 probabile
1362 1383 1645 1449 reddidit
1694 1382 1867 1448 Clar.
1915 1383 2061 1448 Joh.
2115 1382 2545 1461 SchraderuS,
2575 1381 2738 1449 etc.''
2761 1383 2826 1447 et

672 1504 802 1569 alii.
861 1503 1166 1569 Cornelio
1200 1502 1388 1568 Gallo
1420 1502 1529 1567 alii
1564 1500 1744 1566 Cirin
1778 1501 2308 1579 vindicaverunt,
2348 1499 2536 1582 quus
2561 1500 2824 1564 senten-

674 1623 801 1688 tiae
874 1621 1246 1686 defensores
1308 1618 1606 1685 acerrimi
1667 1619 1958 1684 habendi
2006 1619 2162 1683 sunt
2210 1618 2441 1701 Heyne
2492 1616 2603 1705 (cf.
2653 1616 2821 1682 Edit.

673 1741 862 1823 Verg.
931 1741 1016 1804 IV
1085 1758 1233 1822 pag.
1313 1739 1469 1822 130)
1545 1738 1609 1803 et
1674 1738 1728 1803 J.
1809 1738 1885 1801 H.
1938 1737 2120 1803 Voss,
2172 1737 2258 1802 ad
2317 1738 2504 1818 Verg.
2557 1735 2692 1800 Ecl.
2743 1734 2826 1799 VI

676 1857 764 1922 74
839 1875 992 1939 pag.
1070 1855 1202 1919 328
1281 1874 1423 1935 sqq.
1532 1852 1758 1918 Tertia
1829 1853 2155 1917 sententia
2224 1854 2321 1919 est
2392 1854 2641 1936 Eglini,
2712 1853 2825 1936 qui

534 2060 539 2063 Ι
675 1994 940 2041 carmen
992 1974 1293 2038 nostrum
1342 1992 1382 2037 a
1440 1969 1700 2037 Catullo
1750 1971 2189 2054 compositum
2239 1972 2410 2052 vult,
2470 1972 2550 2039 cf.
2603 1972 2828 2037 Vindi-

675 2094 812 2159 ciae
861 2093 1026 2159 Ciris
1076 2091 1495 2157 Catullianae
1542 2110 1690 2174 pag.
1750 2092 1831 2157 17
1841 2091 2046 2155 —21.

771 2210 1051 2284 Multum
1136 2210 1373 2275 absum
1463 2209 1549 2274 ab
1622 2228 1700 2273 eo
1772 2209 2079 2287 consili0‚
2153 2210 2230 2275 ut
2300 2228 2528 2274 omnes
2600 2228 2824 2275 eorum

676 2328 1087 2393 eruditorum
1135 2328 1455 2407 rationeS‚
1506 2328 1750 2411 quibus
1787 2328 2078 2409 singulas
2111 2329 2470 2394 sententias
2503 2326 2830 2393 affirmare

680 2446 901 2511 conati
965 2446 1153 2523 sunt,
1218 2446 1581 2529 amplectar
1628 2446 1691 2511 et
1743 2444 2009 2512 diluam.
2113 2444 2235 2511 Cui
2284 2447 2523 2529 cupido
2570 2446 2830 2511 incessit

626 2558 631 2561 ’
677 2565 840 2630 haec
928 2565 1298 2630 accuratius
1376 2565 1845 2647 cognoscendi,
1919 2564 2028 2630 ille
2098 2566 2314 2630 videat
2385 2565 2826 2630 doctissimam

680 2683 908 2765 Silligii
954 2684 1419 2749 refutationem
1463 2684 1531 2747 in
1575 2683 1840 2765 Vergilii
1889 2683 2176 2748 editione
2213 2683 2559 2766 Heyniana
2591 2684 2831 2767 quarta

681 2802 802 2866 Vol
849 2802 934 2866 IV
979 2821 1129 2885 pag.
1191 2804 1319 2867 135
1368 2822 1508 2886 sqq.
1578 2802 1975 2873 Summatim
2008 2803 2231 2868 tamen
2273 2822 2636 2886 exponam,
2671 2802 2832 2886 quid

681 2919 762 2983 de
809 2938 880 2984 re
924 2920 1231 3003 Judicem.

775 3038 1129 3119 Vergilium
1192 3040 1481 3105 Aeneide
1550 3040 1886 3123 publicata
1935 3038 2115 3109 Cirin
2164 3039 2644 3124 composuisse,
2696 3057 2830 3103 non

681 3173 954 3237 possum
1002 3155 1241 3223 adduci
1290 3157 1363 3221 ut
1409 3156 1694 3221 credam.
1793 3156 1998 3220 Poeta
2047 3156 2255 3236 enim,
2310 3159 2422 3239 qui
2474 3157 2832 3222 Aeneidem

682 3274 1012 3356 scripserit
1081 3292 1298 3356 neque
1368 3274 1506 3339 tam
1554 3273 1695 3337 leve
1742 3291 2010 3338 carmen
2059 3294 2456 3357 componere
2503 3294 2718 3358 neque
2765 3294 2834 3339 se

682 3392 901 3474 ipsum
968 3393 1105 3457 tam
1165 3392 1387 3474 inepte
1432 3391 1790 3475 compilare
1841 3393 2077 3475 potest.
2172 3391 2308 3457 Nec
2356 3394 2576 3459 minus
2624 3395 2834 3458 incre-

684 3508 883 3574 dibile
941 3511 1104 3593 puto
1152 3510 1506 3591 Vergilium
1547 3510 1862 3594 juvenem
1911 3510 2090 3576 Cirin
2140 3513 2436 3578 edidisse.
2536 3514 2838 3578 Primum

686 3628 883 3693 enim‘
908 3613 1174 3694 carmen
1223 3631 1525 3694 nostrum
1571 3629 1658 3694 ab
1707 3630 2098 3712 Eclogarum
2147 3618 2364 3696 colore
2398 3634 2588 3698 valde
2622 3632 2841 3698 differt

687 3747 751 3811 et
821 3748 1166 3829 praeterea¹
1228 3749 1307 3813 iis
1354 3749 1420 3813 in
1470 3747 1874 3819 carminibus
1922 3749 2106 3815 nulla
2155 3749 2566 3817 Catullianae
2615 3752 2838 3817 imita-

688 3864 881 3929 tionis
930 3868 1198 3949 vestigia
1246 3868 1681 3950 reperiuntur.

780 3980 1082 4048 Cornelio
1132 3984 1317 4050 Gallo
1364 3986 1720 4069 quominus
1768 4005 2004 4070 poema
2051 3988 2352 4053 nostrum
2400 3987 2834 4068 vindicemus,

688 4119 823 4165 una
870 4100 1090 4168 obstat
1136 4121 1239 4167 res
1270 4104 1681 4184 gravissima,
1718 4105 1897 4188 quod
1932 4103 2156 4170 Gallus
2181 4105 2322 4189 jam
2353 4126 2394 4171 a
2428 4107 2466 4171 7
2474 4107 2561 4170 28
2596 4126 2654 4171 a.
2687 4124 2752 4169 n.
2781 4125 2834 4170 c.

689 4219 771 4284 de
837 4220 969 4285 vita
1041 4221 1348 4299 decessit,
1421 4240 1555 4304 quo
1621 4223 1915 4306 tempore
1987 4224 2260 4300 AeneiS,
2339 4224 2526 4307 quus
2576 4224 2838 4289 nulIum
