3392 5292
1713 589 1803 653 42

678 812 776 876 est
825 810 900 875 ut
948 828 1068 891 pro
1118 806 1430 873 adverbio
1481 805 1766 886 negandi
1814 804 2251 869 substitutum
2303 822 2455 868 cum
2493 804 2694 869 verbo
2727 822 2837 866 arc

675 930 919 994 tissime
983 910 1326 1011 jungeret,
1400 943 1535 1007 qua
1604 941 1874 1007 quoque
1941 922 2012 987 in
2084 941 2157 987 re
2228 922 2499 1004 apertus
2549 921 2841 985 imitator

677 1046 917 1112 Catulli
964 1048 1081 1111 est.
1133 1046 1223 1110 Ut
1269 1043 1445 1108 enim
1493 1044 1668 1109 recte
1718 1043 1800 1107 M.
1858 1042 2088 1124 Haupt
2132 1060 2280 1123 pag.
2338 1040 2521 1105 3--6
2559 1039 2837 1104 „Obser-

674 1166 1013 1230 vationum
1093 1160 1506 1228 criticarum”
1584 1160 1887 1241 monuit,
1972 1158 2271 1225 Catullus
2345 1158 2507 1221 illud
2581 1157 2837 1222 dicendi

678 1303 887 1366 genus
951 1281 1132 1367 quod
1188 1281 1275 1345 ab
1325 1282 1503 1345 omni
1554 1280 1854 1362 graviore
1902 1279 2200 1343 oratione
2247 1278 2540 1342 alienum
2589 1277 2718 1353 est,
2771 1276 2839 1340 in

679 1402 969 1467 carmine
1041 1401 1128 1465 8:
1172 1399 1256 1464 14
1332 1399 1705 1482 usurpavit,
1785 1397 1966 1481 quod
2038 1397 2220 1461 amat
2280 1396 2581 1478 populari
2650 1396 2837 1459 dicti-

681 1539 810 1586 one
859 1519 974 1585 uti.

772 1638 982 1717 Tum,
1036 1637 1112 1702 ut
1155 1638 1224 1701 in
1276 1635 1406 1701 ciri
1455 1656 1546 1699 vs.
1598 1635 1733 1700 242
1782 1610 2004 1700 vehas
2051 1632 2329 1715 alicujus
2377 1630 2613 1695 dicitur
2656 1630 2842 1696 rudis

683 1759 847 1840 (non
915 1759 1008 1820 est
1076 1753 1466 1819 Amathusia
1536 1753 1743 1818 nostri
1815 1753 1973 1818 Tam
2041 1747 2259 1823 rudis)
2331 1747 2425 1815 ita
2481 1749 2548 1813 in
2599 1747 2842 1814 Catulli

680 1875 971 1941 carmine
1045 1874 1178 1939 68:
1225 1875 1304 1938 17
1381 1872 1655 1952 legimus
1729 1871 2009 1935 eandem
2080 1870 2272 1933 deam
2344 1869 2633 1933 nesciam
2698 1886 2841 1931 esse

681 1993 962 2078 alicujus
1033 1997 1197 2078 (non
1265 1997 1358 2058 est
1427 1989 1546 2055 dea
1601 1991 1818 2055 nescia
1862 1988 2068 2053 nostri
2087 2036 2103 2063 ‚
2160 1988 2333 2069 Quae
2379 1985 2623 2052 dulcem
2670 1986 2843 2051 curis

685 2109 903 2175 miscet
949 2105 1348 2188 amaritiam)
1368 2155 1383 2185 ‚
1425 2104 1834 2189 quamquam
1867 2104 2170 2169 usitatius
2204 2107 2303 2170 est
2332 2106 2589 2171 inverso
2620 2104 2835 2177 mod0,

683 2229 758 2291 ut
830 2228 926 2291 vir
988 2226 1249 2311 juvenis
1321 2226 1420 2289 vel
1487 2224 1708 2307 puella
1754 2223 1943 2289 rudis
1992 2225 2283 2290 dicatur:
2337 2227 2410 2291 ut
2459 2225 2841 2308 Propertius

682 2347 770 2412 III
822 2343 965 2430 (IV)
1021 2346 1142 2418 17,
1198 2345 1235 2407 7
1286 2362 1382 2426 sq.

887 2510 973 2571 Te
1015 2528 1252 2588 quoque
1293 2508 1450 2569 enim
1491 2528 1614 2569 non
1655 2528 1787 2569 esse
1828 2510 2038 2570 rudem
2078 2516 2327 2570 testatur
2374 2510 2437 2569 in
2472 2510 2651 2571 astris

888 2614 1182 2695 Lyncibus
1223 2615 1299 2675 ad
1340 2614 1570 2675 caelum
1611 2621 1777 2675 vecta
1818 2613 2079 2675 Ariadna
2121 2614 2257 2675 tuis.
2302 2614 2353 2689 ¹)

773 2774 1117 2839 Postremo
1204 2792 1345 2836 rem
1433 2771 1805 2836 luculenter
1884 2771 2297 2837 demonstrat
2366 2774 2610 2838 nimius
2681 2794 2841 2839 usus

683 2912 992 2959 versuum
1058 2891 1604 2974 spondiacorum,
1655 2892 1739 2956 de
1786 2891 2027 2974 quibus
2076 2910 2317 2973 operae
2365 2891 2651 2975 pretium
2700 2912 2840 2957 esse

683 3010 1008 3076 videbitur
1055 3010 1353 3093 pluribus
1401 3011 1614 3076 verbis
1663 3010 2000 3075 disserere.
2085 3009 2566 3075 Alexandrinos
2611 3010 2840 3092 poetas

682 3130 760 3194 iis
831 3128 1126 3193 versibus
1197 3129 1273 3193 ut
1345 3129 1738 3194 ornamento
1808 3129 2101 3211 quodam
2173 3149 2326 3194 usos
2398 3149 2567 3209 esse,
2660 3129 2839 3213 quod

681 3246 881 3329 lepidi
953 3246 1019 3310 et
1089 3246 1350 3310 venusti
1421 3246 1579 3327 ipsis
1649 3265 1789 3310 esse
1854 3247 2262 3329 viderentur,
2316 3267 2509 3343 nemo
2558 3248 2836 3330 ignorat.

684 3366 834 3445 Qua
882 3366 963 3429 de
1013 3383 1083 3429 re
1128 3364 1312 3428 locus
1355 3364 1662 3429 classicus
1697 3366 1796 3430 est
1829 3365 2269 3447 fragmentum
2302 3364 2536 3432 XXVII
2568 3367 2835 3449 Eupho-

683 3484 884 3549 rionis
918 3482 1388 3557 ChalcidensiS,
1430 3482 1540 3549 ubi
1581 3484 1708 3547 tres
1742 3484 2051 3566 deinceps
2084 3504 2310 3549 versus
2334 3485 2839 3567 spondiazontes

659 3578 1108 3667 ‘inveniuntur
1138 3599 1214 3686 ²).
1313 3602 1502 3667 Hanc
1574 3603 2087 3685 spondiacorum
2157 3604 2599 3686 captationem
2668 3604 2839 3669 inter

570 3753 580 3765 ·
683 3722 911 3803 poetas
955 3720 1226 3786 Latinos
1272 3721 1556 3786 maxime
1604 3719 1907 3786 Catullus
1954 3721 2021 3785 in
2071 3720 2495 3804 epithalamio
2543 3721 2837 3787 imitatus

759 3942 804 4011 ¹)
841 3940 926 4000 Cf.
959 3943 1023 3996 A.
1063 3940 1128 3995 G.
1163 3940 1360 3995 Naekii
1397 3942 1642 3997 Carmina
1677 3942 1884 3997 Valerii
1920 3942 2153 3998 Catonis
2171 3960 2289 4015 pag.
2310 3943 2437 4017 232.
2464 3946 2678 3999 Bonnae
2701 3945 2833 4003 1847

756 4040 799 4099 ²)
838 4034 1019 4111 Ἆκτῆς·
1050 4037 1114 4092 δὲ
1141 4039 1450 4110 παροίτερα
1465 4034 1671 4103 (Herm.
1690 4056 1787 4109 pro
1803 4036 1980 4113 Ἀδίης
2002 4040 2065 4094 δὲ
2086 4042 2433 4111 παυροτέρα)
2452 4042 2834 4115 φωνηθείσης,

1038 4140 1097 4195 οἱ
1133 4139 1232 4207 μὲν
1276 4142 1343 4213 δὴ
1387 4142 1672 4197 ἐνέπουσιν
1714 4140 1800 4196 καὶ
1839 4140 2021 4197 Ἀσίδα
2063 4144 2468 4214 κικλήσκεσθαι,

1039 4241 1097 4295 οἱ
1142 4240 1205 4295 δὲ
1251 4241 1640 4302 Ποσειδάωνος
1679 4243 1968 4307 ἐπώνυμον
2007 4240 2329 4313 αὐδηθῆναι.
