3392 5292
1675 541 1765 605 58

638 760 802 821 num
849 775 884 819 e
930 754 1265 820 doctrinae
1295 754 1654 839 jactatione
1686 755 1993 820 natarum
2032 758 2332 841 exempla
2363 758 2545 825 haud
2577 780 2789 843 pauca

637 874 901 941 adsunt.
996 873 1102 938 Sic
1159 873 1340 958 justo
1397 874 1592 939 latius
1640 874 1968 955 digressus
2015 877 2148 952 est,
2197 895 2350 942 cum
2398 882 2789 963 necopinato

636 1013 732 1059 VS.
782 993 870 1058 22
898 1011 1039 1075 sqq.
1068 991 1569 1075 descriptionem
1593 992 1772 1075 pepli
1799 992 2267 1059 Panathenaici
2289 998 2790 1080 quatuordecim

638 1113 863 1177 versus
935 1110 1368 1193 occupantem
1417 1110 1748 1177 insereret.
1850 1110 2021 1177 Hinc
2041 1162 2057 1192 ‚
2108 1112 2361 1197 Scyllae
2405 1116 2789 1183 Homericae

637 1229 1041 1297 mentionem
1063 1227 1332 1307 faciem,
1362 1247 1479 1310 per
1502 1246 1728 1293 versus
1752 1229 2035 1312 amplius
2062 1230 2300 1313 vigenti
2326 1230 2449 1320 (vs,
2481 1236 2654 1300 65—
2669 1235 2786 1322 88)
2879 1224 2884 1228 ’

636 1348 1028 1415 immoratur
1072 1346 1285 1411 varias
1330 1346 1860 1435 Mythologorum
1908 1348 1990 1412 de
2037 1349 2255 1433 Scylla
2303 1352 2645 1436 opiniones
2677 1375 2787 1419 ex-

639 1467 968 1551 ponend0,
1020 1466 1085 1529 in
1134 1463 1375 1548 quibus
1424 1465 1900 1547 distinguendis
1944 1467 2038 1533 ita
2076 1471 2392 1550 versatur,
2427 1474 2502 1538 ut
2535 1472 2787 1538 Scholi-

639 1588 935 1652 astarum
998 1584 1221 1666 copias
1282 1584 1351 1648 in
1416 1602 1640 1649 versus
1689 1585 2014 1667 redegisse
2059 1587 2363 1654 videatur
2387 1588 2464 1677 ¹).
2565 1592 2786 1659 Musas

619 1709 953 1774 invocans
1000 1705 1502 1789 descriptionem
1550 1722 1892 1769 sacrorum
1938 1706 2347 1788 supprimere
2379 1727 2516 1773 non
2548 1711 2780 1792 potest.

638 1827 759 1912 (vs,
813 1823 1139 1910 94—98).

732 1946 1035 2027 Megarae
1082 1943 1282 2009 situm
1328 1942 1740 2007 indicaturus
1789 1937 1907 2025 (vs.
1965 1939 2166 2027 101),
2222 1944 2328 2008 cui
2368 1946 2462 2009 rei
2500 1947 2790 2029 quatuor

637 2084 863 2131 versus
925 2061 1434 2145 impenduntur,
1503 2058 1717 2125 facere
1780 2078 1916 2124 non
1981 2062 2231 2143 potest,
2283 2065 2444 2149 quin
2495 2064 2788 2133 fabulam

640 2184 821 2249 urbis
868 2182 1170 2247 conditae
1216 2179 1590 2245 abstrusam
1637 2178 1740 2243 his
1787 2178 2003 2244 verbis
2048 2181 2285 2248 addat:

838 2341 969 2401 Stat
1007 2339 1243 2416 Megara
1259 2383 1273 2411 ‚
1313 2336 1489 2414 Argei
1529 2338 1831 2414 quondam
1871 2337 2100 2399 munita
2140 2340 2342 2402 labore

838 2446 1158 2506 Alcathoae
1196 2442 1567 2520 Phoebique:
1612 2444 1756 2503 deus
1797 2463 2055 2521 namque
2097 2444 2264 2506 affuit
2301 2444 2414 2519 illi;

836 2551 1006 2611 Unde
1046 2547 1223 2610 etiam
1264 2547 1522 2608 citharae
1561 2566 1734 2607 voces
1774 2547 2034 2609 imitatus
2075 2556 2278 2610 acutas

836 2657 1025 2734 Saepe
1064 2653 1212 2732 lapis
1252 2658 1521 2731 recrepat
1564 2651 1826 2729 Cyllenia
1865 2672 2174 2714 murmura
2214 2656 2420 2733 pulsus

838 2761 912 2822 Et
951 2767 1208 2821 veterem
1249 2756 1446 2818 sonitu
1488 2756 1715 2818 Phoebi
1754 2765 2002 2819 testatur
2043 2778 2328 2821 amorem.

731 2911 968 2977 Carme
988 2959 1003 2989 ‚
1070 2910 1325 2992 Scyllae
1380 2909 1640 2988 nutriX,
1706 2910 2011 2975 miseram
2058 2912 2304 2977 sortem
2351 2914 2526 2979 filiae
2578 2914 2784 2982 Brito-

636 3028 864 3093 martis
924 3027 1274 3110 deplorans
1293 3075 1309 3105 ,
1375 3027 1695 3092 lectorum
1745 3028 2000 3093 animos
2048 3032 2268 3097 movet
2314 3035 2781 3101 exclamando:

636 3148 891 3213 utinam
939 3165 1025 3210 ne
1069 3147 1382 3211 venatum
1430 3146 1611 3211 iisses
1660 3165 1738 3211 ac
1788 3166 2012 3230 greges
2061 3151 2349 3233 pavisses
2370 3201 2386 3230 ‚
2437 3153 2580 3217 tum

835 3323 1178 3399 Numquam
1218 3329 1341 3383 tam
1384 3322 1598 3384 obnixe
1638 3322 1868 3401 fugiens
1908 3326 2119 3389 Minois
2162 3347 2395 3389 amores

835 3434 1129 3511 Praeceps
1170 3433 1313 3494 aerii
1353 3434 1593 3511 specula
1635 3435 1708 3495 de
1747 3434 1966 3495 montis
2006 3433 2175 3495 iisses
2219 3434 2328 3511 (vs,
2373 3434 2549 3511 302),

634 3603 749 3668 sed
796 3621 999 3686 quam
1048 3622 1087 3667 a
1136 3602 1364 3668 matris
1415 3602 1717 3668 lamentis
1767 3601 2056 3668 alienum
2089 3611 2186 3667 est
2219 3603 2783 3668 additamentum:

832 3777 1002 3838 Unde
1042 3777 1140 3838 alii
1180 3778 1399 3856 fugisse
1441 3778 1641 3838 ferunt
1677 3784 1735 3839 et
1776 3798 1997 3838 numen
2035 3777 2312 3857 Aphaeae

834 3881 1085 3972 Virginis
1127 3882 1456 3960 assignant,
1500 3883 1622 3957 alii,
1667 3902 1786 3960 quo
1826 3883 2021 3943 notior
2063 3903 2255 3957 esseS‚

832 3986 1185 4065 Dictynnam
1228 3987 1427 4049 dixere
1466 3996 1569 4049 tuo
1613 3990 1685 4049 de
1725 3988 1967 4049 nomine
2005 3989 2226 4050 lunam.

704 4220 741 4281 ι)
782 4215 864 4271 cf.
902 4233 1037 4290 quae
1078 4216 1179 4272 hac
1216 4216 1281 4273 de
1315 4234 1373 4274 re
1408 4217 1541 4291 Cap.
1577 4218 1639 4274 II
1675 4237 1793 4292 pag.
1833 4220 1866 4275 9
1905 4238 2017 4294 sqq.
2057 4238 2088 4275 a
2126 4239 2208 4277 me
2243 4221 2388 4277 diota
2417 4226 2560 4278 sunt.
