3392 5292
1720 542 1808 607 22

712 759 1058 825 narrantes
1129 757 1444 839 virginem
1507 756 1577 822 in
1641 756 2012 821 monstrum
2058 757 2392 821 marinum
2440 754 2862 821 Homericum

710 877 1036 943 mutatam
1101 894 1272 956 esse,
1340 873 1745 957 Scyllaeum,
1798 873 1900 959 (ut
1947 874 2173 939 noster
2218 893 2291 937 vs
2340 875 2426 940 57
2478 892 2600 957 sqq
2648 874 2856 959 dicit),

1237 1021 1506 1076 monstro
1552 1012 1602 1089 ¹)
1647 1033 1860 1075 saxum
1902 1013 2214 1073 infestasse
2252 1012 2450 1079 ‚voraci
2493 1059 2507 1074 .
2553 1057 2568 1073 .
2614 1060 2628 1073 .
2670 1056 2683 1071 .

913 1119 1178 1182 Candida
1218 1119 1579 1180 succinctam
1617 1118 1967 1179 latrantibus
2009 1117 2247 1195 inguina
2285 1116 2568 1205 monstris

910 1225 1211 1286 Dulichias
1253 1242 1499 1285 vexasse
1539 1229 1697 1284 rates
1740 1230 1797 1283 et
1838 1222 2063 1301 gurgite
2102 1222 2163 1282 in
2204 1222 2323 1282 alto

910 1329 1247 1406 Deprensos
1287 1333 1497 1387 nautas
1541 1326 1785 1387 canibus
1826 1328 2117 1388 lacerasse
2155 1325 2419 1386 marinis,

806 1486 956 1564 Quo
1048 1485 1116 1549 in
1211 1484 1559 1567 poetarum
1653 1502 1932 1548 numero
2016 1482 2247 1565 procul
2327 1483 2529 1548 dubio
2608 1486 2859 1568 primus

709 1604 1050 1670 ducendus
1098 1602 1197 1667 est
1243 1601 1583 1684 Vergilius.
1651 1599 1829 1667 Nam
1878 1601 2043 1667 Ciris
2092 1620 2318 1666 versus
2365 1602 2567 1667 modo
2606 1602 2858 1667 laudati

711 1726 800 1789 57
871 1741 1028 1805 sqq,
1103 1720 1320 1785 verbis
1390 1740 1434 1785 α
1501 1718 1755 1785 timidos
1824 1720 1893 1784 in
1964 1718 2301 1801 deprensos
2360 1720 2663 1800 mutatiS,
2738 1720 2856 1785 toti

709 1840 1036 1924 desumpti
1083 1841 1239 1905 sunt
1285 1856 1366 1903 ex
1411 1836 1649 1919 Ecloga
1697 1838 1783 1902 VI
1831 1838 1916 1903 75
1968 1856 2109 1919 sqq.
2130 1884 2149 1914 ‚
2199 1836 2421 1920 ibique
2451 1839 2537 1904 ad
2572 1839 2856 1923 Scyllam

708 1960 846 2025 Nisi
913 1960 1120 2024 filiam
1189 1957 1552 2041 spectan·t‚‘
1594 1956 1667 2020 ut
1718 1974 1798 2019 ex
1846 1973 2036 2020 versu
2084 1954 2499 2021 antecedenti
2547 1958 2850 2040 apparet:

908 2097 1065 2172 Quid
1104 2099 1313 2175 loquar
1354 2102 1456 2156 aut
1496 2094 1752 2173 Scyllam
1792 2094 1920 2154 Nisi
1961 2114 2141 2173 quam
2182 2095 2341 2155 fama
2381 2098 2583 2153 secuta
2623 2098 2729 2152 est.

801 2227 1256 2308 Doeringium,
1316 2228 1721 2310 Wagnerum
1768 2227 1929 2292 alios
1947 2274 1963 2306 ‚
1999 2246 2323 2292 memores
2354 2225 2607 2309 Scyllae
2638 2226 2853 2290 trans-

706 2344 1114 2410 formationis
1161 2344 1231 2408 in
1272 2363 1463 2409 avem
1488 2363 1529 2408 a
1553 2343 1832 2425 Vergilio
1858 2342 2085 2425 Georg.
2116 2344 2146 2407 Ι
2173 2364 2186 2409 :
2215 2343 2355 2408 404
2382 2363 2524 2426 sqq.
2554 2344 2851 2423 traditae,

707 2462 1028 2527 vocabulo
1091 2467 1207 2527 aut
1267 2462 1422 2527 aute
1484 2481 1674 2543 quam
1734 2461 2080 2527 inserendo
2127 2462 2302 2526 hanc
2351 2461 2855 2543 repugnantiam

708 2581 936 2646 tollere
984 2580 1255 2645 conatos
1303 2598 1476 2660 esse,
1528 2580 1711 2645 haud
1743 2580 2010 2657 nescio,
2056 2580 2172 2645 sed
2203 2580 2377 2644 hanc
2410 2580 2854 2664 conjecturam

598 2717 606 2724 ·
706 2718 843 2766 non
869 2698 1279 2782 probabilem
1303 2717 1443 2763 esse
1468 2698 1755 2763 ostendit
1771 2698 1915 2782 jam
1938 2698 2020 2763 H.
2049 2697 2294 2763 Keilius
2319 2696 2552 2763 Philol.
2578 2698 2671 2763 II:
2700 2699 2852 2763 165.

707 2816 1082 2883 Intulerunt
1116 2817 1294 2881 enim
1343 2821 1457 2881 aut
1499 2818 1732 2882 contra
1757 2835 2023 2881 omnem
2045 2816 2347 2881 codicum
2371 2817 2852 2894 auctoritatem,

703 2936 861 3019 quia
890 2934 1147 3000 Probus
1180 2935 1546 3000 secundum
1586 2934 1795 2999 Servii
1820 2935 2283 3000 annotationes
2307 2935 2481 2999 hanc
2506 2934 2851 2998 lectionem

705 3071 902 3117 nosse
947 3052 1219 3117 videtur.
1295 3051 1426 3116 Sed
1474 3053 1682 3133 magis
1734 3052 1830 3116 est
1865 3055 1939 3117 ut
1971 3053 2316 3117 credamus
2351 3052 2854 3134 grammaticum
2929 3128 2935 3131 ,

703 3170 1039 3254 quendam
1093 3170 1162 3234 in
1210 3169 1411 3234 Probi
1459 3170 1813 3252 exemplari
1859 3169 2257 3235 vocabulum
2303 3177 2420 3237 aut
2464 3172 2812 3235 inseruisse
2830 3223 2846 3248 ‚

704 3307 908 3371 quam
972 3288 1046 3352 ut
1109 3286 1417 3369 putemus
1479 3287 1829 3368 Vergilium
1897 3288 2161 3370 poetam
2208 3289 2519 3354 eximium
2566 3289 2853 3372 Scyllam

705 3407 843 3472 Nisi
898 3405 1105 3470 filiam
1164 3404 1432 3469 nomine
1495 3404 1759 3469 tantum
1822 3405 2229 3487 designasse,
2301 3380 2579 3473 alteram·
2644 3407 2853 3472 tribus

706 3524 998 3592 versibus
1046 3522 1376 3588 continuis
1426 3523 1857 3605 descripsisse.

667 3666 672 3670 ·
796 3643 1044 3707 Eadem
1092 3641 1435 3723 utriusque
1484 3640 1738 3725 Scyllae
1786 3640 2081 3706 confusio
2123 3642 2447 3725 reperitur
2476 3642 2655 3725 apud
2688 3643 2851 3708 Pro-

705 3761 991 3842 pertium
1035 3759 1122 3823 IV
1171 3756 1278 3844 (V)
1329 3757 1374 3822 4
1409 3760 1537 3824 :39
1590 3778 1684 3841 sq.
1710 3808 1726 3837 ,
1781 3759 1896 3824 ubi
1943 3760 2259 3842 Tarpeia,
2314 3760 2495 3841 virgo
2537 3760 2850 3842 VestaliS,

705 3895 930 3942 amore
977 3876 1144 3957 regis
1195 3875 1424 3941 Sabini
1471 3877 1647 3942 Tatii
1697 3878 1892 3960 capta
1942 3877 2339 3960 Capitolium
2389 3879 2651 3944 Sabinis
2698 3898 2851 3963 pro-

705 3993 924 4059 ditura
943 4041 959 4071 ,
1013 3993 1372 4060 exclamat:
1530 3970 1534 3974 .

777 4199 814 4263 1)
849 4198 933 4253 De
967 4198 1069 4254 hoc
1104 4197 1365 4255 vocabulo
1400 4199 1520 4256 vide
1554 4203 1792 4257 nostram
1828 4201 2189 4271 conjecturam
2226 4200 2354 4274 Cap.
2393 4202 2491 4257 IV.
