3392 5292
1742 609 1833 674 46

911 820 1100 882 Altius
1138 822 1214 881 ad
1254 820 1452 898 magni
1493 820 1759 898 suspexit
1798 820 1992 880 sidera
2031 819 2238 880 mundi

710 979 1142 1044 imitationem
1191 977 1432 1045 Catulli
1467 978 1598 1042 66:
1635 978 1664 1041 1
1708 978 1771 1041 et
1804 976 1965 1041 Aen.
2004 977 2124 1054 IX,
2166 977 2254 1042 63
2288 977 2865 1059 comprobavimus

711 1097 822 1184 (cf.
897 1117 1048 1180 pag.
1104 1096 1261 1183 37),
1337 1097 1576 1202 putare
1643 1094 1797 1161 licet
1866 1096 2132 1179 poetam
2202 1095 2307 1160 hic
2362 1096 2665 1162 secutum
2724 1115 2867 1160 esse

709 1217 968 1282 Lucret.
1018 1217 1094 1281 V.
1160 1215 1338 1280 1204
1397 1302 1400 1304 Α

908 1373 963 1434 N
966 1392 1066 1434 am
1106 1392 1243 1434 oum
1284 1372 1636 1450 suspicimus
1678 1373 1876 1449 magni
1917 1373 2190 1434 caelestia
2229 1374 2435 1434 mundi

913 1478 1180 1557 Templa.

798 1638 1006 1702 Porro
1079 1635 1522 1700 dubitandum
1592 1654 1725 1700 non
1801 1634 1935 1714 est,
2007 1634 2169 1717 quin
2242 1633 2408 1699 Ciris
2457 1654 2530 1699 vs
2584 1635 2857 1700 14-17

709 1775 912 1839 supra
952 1754 1207 1820 laudati
1255 1754 1525 1818 omnino
1573 1753 1823 1818 exarati
1871 1754 2003 1818 sint
2051 1754 2137 1818 ad
2184 1754 2687 1845 similitudinem
2734 1755 2865 1819 Lu-

709 1874 890 1938 cretii
938 1873 997 1937 II
1049 1874 1086 1937 7
1135 1891 1274 1955 sqq.

907 2038 1026 2099 Sed
1066 2037 1147 2097 nil
1187 2036 1416 2097 dulcius
1461 2044 1551 2098 est
1591 2038 1743 2097 bene
1785 2055 1965 2113 quam
2005 2036 2233 2121 munita
2276 2044 2476 2098 tenere

905 2144 1076 2204 Edita
1118 2141 1384 2202 doctrina
1431 2141 1765 2219 sapientum
1805 2142 2025 2219 templa
2045 2127 2305 2216 serena,

904 2248 1221 2327 Despioere
1261 2248 1417 2306 unde
1459 2265 1641 2324 queas
1683 2244 1831 2305 alios
1874 2246 2215 2325 passimque
2256 2247 2453 2309 videre

904 2352 1118 2413 Errare
1158 2358 1335 2428 atque
1374 2349 1530 2410 viam
1570 2348 1821 2427 palantis
1864 2370 2147 2429 quaerere
2188 2352 2359 2413 vitae.

799 2510 1095 2593 Denique
1155 2528 1395 2589 negare
1440 2527 1577 2572 non
1625 2507 1869 2590 poteris
1916 2507 2181 2590 poetam
2228 2510 2569 2591 praeterea
2614 2508 2866 2592 aliquot

704 2628 1021 2693 formulas
1069 2626 1326 2692 dicendi
1373 2625 1458 2691 ab
1509 2626 1741 2692 eodem
1774 2626 2163 2708 sumpsisse,
2211 2626 2266 2691 si
2322 2646 2664 2710 compares
2698 2626 2865 2693 Ciris

706 2813 789 2853 vs,
892 2795 930 2853 9
953 2800 1217 2869 coeptum
1245 2792 1514 2852 detexere
1559 2810 1778 2860 munus
1970 2796 2028 2849 et
2069 2790 2241 2851 Lucr.
2343 2790 2551 2853 1:418
2600 2801 2864 2871 coeptum

2062 2902 2381 2972 pertexere
2424 2897 2622 2956 dictis,

754 3048 776 3075 „
831 3002 944 3063 142
967 3009 1021 3062 et
1063 3009 1236 3062 extra
1274 3002 1550 3079 procedit
1597 3002 1760 3078 lonqe
1804 3007 1906 3060 ete.
1999 3044 2024 3073 „
2092 3000 2269 3060 Lucr.
2363 2998 2527 3061 1:72
2572 3020 2659 3078 sq.
2692 3009 2746 3061 et
2767 3019 2863 3061 ex-

1615 3188 1620 3191 ·
2076 3113 2181 3165 tra
2208 3108 2506 3183 processit
2547 3107 2712 3185 lonqe
2756 3112 2858 3165 ete.

753 3258 776 3287 „
829 3214 942 3273 169
952 3213 1209 3290 pedibus
1248 3213 1531 3290 Sicyonia
1565 3229 1812 3271 servans
1988 3254 2011 3282 „
2079 3210 2251 3271 Lucr.
2296 3209 2409 3271 IV:
2438 3209 2593 3269 1125
2642 3218 2697 3271 et
2728 3210 2862 3287 pul-

2076 3318 2185 3376 cra
2212 3317 2279 3377 in
2293 3316 2553 3393 pedibus
2574 3315 2858 3393 Sicyonia

2079 3421 2297 3495 rident.

745 3572 770 3601 „
818 3528 936 3588 363
957 3535 1010 3588 et
1028 3526 1232 3587 divum
1243 3534 1428 3588 terret
1437 3525 1764 3602 formidine
1777 3526 1929 3586 cives
1994 3569 2019 3597 „
2087 3524 2261 3585 Lucr.
2301 3523 2378 3583 VI
2402 3544 2417 3585 ι
2441 3524 2517 3584 52
2527 3524 2860 3599 formidine

2083 3631 2303 3691 divum.

798 3788 1038 3855 Calvus
1107 3790 1341 3871 poetae
1389 3788 1618 3871 procul
1668 3786 1871 3852 dubio
1921 3788 2079 3853 ante
2131 3785 2356 3852 oeulos
2404 3786 2530 3852 fuit
2575 3804 2649 3851 vs
2697 3783 2858 3852 233.

703 3906 793 3971 Ut
860 3906 1037 3972 enim
1106 3908 1232 3971 hoc
1299 3907 1445 3972 1000
1514 3906 1917 3989 requiescunt
1987 3905 2262 3987 flumina
2332 3925 2593 3983 carsae,
2648 3906 2741 3970 sie
2790 3906 2856 3969 in

703 4022 886 4089 Calvi
945 4023 1312 4106 fragmento
1392 4025 1474 4089 13
1547 4025 1727 4107 apud
1797 4026 1865 4090 L.
1944 4024 2332 4090 Muellerum
2401 4023 2512 4091 sol
2580 4022 2862 4089 meminit

699 4142 1076 4225 requiescere
1123 4163 1366 4209 cursus,
1466 4143 1777 4210 Similiter
1824 4144 1892 4207 in
1927 4142 2141 4208 verbis
2177 4141 2342 4207 Ciris
2376 4161 2448 4206 vs
2484 4142 2617 4206 350
2651 4142 2861 4225 iynem

702 4260 1020 4341 quatiebat
1065 4260 1143 4325 ab
1195 4260 1350 4326 Oeta
1369 4309 1385 4341 ‚
1437 4260 1618 4327 Calvi
1666 4261 2013 4343 fragmenti
2063 4262 2103 4325 5
2136 4260 2568 4326 imitationem
2618 4277 2856 4343 agnos-
