3392 5292
1352 1854 1731 1921 CAPUT
1814 1854 1859 1915 1.

1145 2089 1491 2171 carminis
1564 2087 2079 2187 Argumentum.

1493 2339 1734 2347 ————

637 2576 1057 2659 Quamquam
1107 2577 1322 2642 totum
1369 2592 1636 2639 carmen
1677 2574 1940 2639 tantum
1972 2570 2365 2656 quingentos
2398 2570 2686 2653 quadra-

544 2695 725 2775 ginta
771 2714 982 2760 unum
1029 2714 1256 2760 versus
1305 2686 1630 2772 continet,
1682 2694 1913 2757 auctor
1945 2692 2210 2758 centum
2240 2706 2467 2756 versus
2498 2708 2687 2771 prae-

543 2811 743 2877 fando
812 2813 1290 2895 impendendos
1360 2812 1635 2895 putavit.
1736 2811 1884 2890 Quo
1952 2811 2022 2875 in
2087 2810 2351 2875 exordio
2413 2798 2690 2891 legimus

543 2930 840 3011 poetam,
908 2941 1316 3013 quamquam
1384 2930 1660 2994 Athenis
1727 2929 1942 2993 totum
1989 2948 2059 2993 se
2106 2929 2379 2994 abderet
2425 2930 2490 2995 in
2540 2930 2689 3013 phi-

543 3047 914 3128 losophiam
999 3048 1389 3130 Epicuream
1471 3048 1744 3131 Jamque
1829 3066 1898 3112 se
1982 3047 2329 3129 indignum
2414 3049 2692 3115 haberet

546 3182 772 3229 versus
835 3164 1082 3246 facere,
1148 3168 1371 3232 tamen
1430 3186 1566 3231 non
1621 3165 1794 3231 infra
1840 3185 1911 3230 se
1958 3167 2249 3249 positum
2296 3166 2691 3231 arbitratum

531 3302 684 3379 ‘esse
732 3286 1040 3367 coeptum
1086 3305 1353 3351 carmen
1401 3285 1748 3368 perficere,
1800 3284 1981 3367 quod
2007 3285 2149 3368 jam
2184 3286 2296 3350 diu
2329 3284 2689 3362 Messallae,

539 3400 860 3482 juvenum
893 3402 1267 3467 doctissimo
1288 3454 1302 3479 ‚
1340 3401 1759 3484 promisisset.
1811 3400 2175 3484 Postquam
2202 3404 2433 3468 auctor
2455 3402 2694 3480 deinde

547 3520 838 3584 muneris
908 3520 1241 3587 levitatem
1313 3520 1644 3585 excusavit
1718 3518 1836 3603 (VS.
1900 3520 2238 3605 ·18-47)‚
2296 3520 2696 3585 narrationis

550 3639 1014 3718 argumentum
1088 3638 1376 3721 prodidit
1456 3634 1582 3720 (VS.
1657 3636 1970 3725 48—53)
1995 3686 2011 3717 ‚
2079 3638 2294 3703 varias
2345 3638 2427 3703 de
2474 3637 2693 3721 Scylla

548 3753 806 3837 fabulas
857 3757 1155 3838 exposuit
1205 3754 1331 3843 (vs.
1382 3756 2031 3844 54—91)‚·invocat
2077 3757 2329 3833 Musas,
2382 3758 2457 3821 ut
2484 3756 2697 3822 labori

552 3890 672 3936 suo
725 3873 1015 3955 aspirare
1062 3875 1265 3940 velint
1310 3874 1431 3960 (vs.
1483 3871 1866 3961 92—100).

644 3990 804 4055 Inde
851 3996 1315 4074 argumentum
1362 3994 1683 4076 poematis
1716 3993 1803 4058 ab
1842 4012 1965 4058 ovo
1997 3992 2122 4058 hoc
2158 3992 2353 4057 modo
2388 4011 2696 4057 enarrare

554 4107 818 4191 incipit:
883 4108 1125 4189 Minos,
1194 4111 1430 4177 Cretae
1453 4096 1460 4100 ’
1481 4130 1595 4177 rex
1619 4162 1635 4190 ‚
1684 4112 1904 4177 vatem
1951 4111 2302 4194 Polyidum
2352 4111 2694 4193 repetens,

557 4226 787 4291 urbem
831 4227 1095 4308 Megara
1145 4227 1483 4292 obsidione
1530 4228 1845 4293 cinxerat.
1913 4228 2151 4293 Statim
2184 4246 2427 4311 magna
2459 4228 2699 4293 virtute
