3392 5292
1700 632 1785 693 502

662 844 1038 909 abditarum
1103 844 1366 922 afferre3
1435 844 1594 910 satis
1642 846 1765 910 erit
1812 863 2175 909 memorare
2224 845 2617 925 argumenta
2664 862 2807 909 car-

662 963 856 1028 minis
901 964 983 1028 de
1030 963 1252 1028 Attine
1302 962 1545 1031 Catulli
1595 965 1660 1029 et
1708 964 2025 1043 aliorum,
2090 982 2263 1046 quae
2311 963 2453 1047 ejus
2502 963 2813 1047 aequales

663 1083 744 1148 de
821 1101 1005 1148 more
1082 1082 1679 1147 Alexandrinorum
1762 1080 1985 1147 fecisse
2057 1100 2259 1164 supra
2331 1081 2613 1147 diximus
2633 1130 2649 1162 ‚
2732 1100 2813 1146 ex

661 1202 895 1268 eodem
942 1201 1279 1267 recondito
1327 1219 1504 1283 penu
1550 1200 1932 1284 mythorum
1980 1200 2179 1266 ducta
2227 1219 2387 1265 esse.

755 1321 1138 1385 Notandum
1176 1320 1273 1384 est
1296 1320 1598 1384 nostrum
1623 1338 1890 1384 carmen
1916 1319 2305 1401 argumento
2331 1337 2597 1402 quoque
2624 1318 2814 1402 prodi

665 1442 1005 1521 tamquam
1055 1455 1442 1518 germanum
1475 1437 1960 1503 Alexandrinae
2008 1436 2272 1502 scholae
2304 1437 2532 1504 fetum.
2609 1436 2812 1501 Prae-

665 1558 966 1640 terquam
1036 1556 1212 1620 enim
1279 1556 1459 1639 quod
1530 1556 1785 1639 Scyllae
1830 1556 2055 1621 fabula
2100 1554 2561 1621 Alexandrinis
2608 1556 2816 1638 poetis

666 1676 735 1739 in
785 1675 1028 1739 deliciis
1076 1674 1276 1739 fuisse
1324 1674 1582 1740 videtur
1635 1710 1720 1721 --
1770 1674 1896 1740 hoc
1943 1675 2167 1739 autem
2215 1674 2557 1756 probabile
2604 1673 2819 1738 reddit

666 1792 998 1859 Cornificii
1061 1795 1381 1874 GlaucuS,
1433 1794 1614 1878 quod
1663 1813 1962 1871 carmen,
2018 1794 2073 1859 si
2120 1792 2355 1858 saltem
2405 1791 2543 1858 fata
2590 1791 2817 1858 Glauci

664 1911 883 1978 Pontii
933 1913 1292 1995 continuit,
1346 1913 1430 1979 ad
1479 1912 1653 1978 idem
1695 1908 2071 1977 fabularum
2104 1930 2313 1994 genus
2345 1911 2687 1994 pertinuit3
2727 1947 2813 1957 —

665 2032 910 2113 ubique
982 2033 1223 2107 exstat,
1301 2033 1554 2115 quanto
1626 2050 1851 2097 amore
1908 2032 2104 2113 poeta
2154 2031 2529 2096 fabularum
2578 2031 2814 2095 obscu-

665 2170 890 2216 rarum
961 2152 1364 2216 mentionem
1433 2150 1644 2216 faciat.
1750 2150 1856 2215 Sic
1927 2149 2230 2233 Myrrhae
2304 2151 2435 2216 sive
2496 2149 2816 2232 Zmyrnae

665 2270 950 2334 incestus
1014 2289 1224 2345 amor,
1294 2287 1493 2352 quem
1556 2266 1770 2332 Cinna
1833 2268 1901 2332 in
1966 2268 2256 2333 carmine
2305 2267 2599 2351 ejusdem
2648 2266 2816 2332 tituli

668 2388 1005 2471 descripsit
1054 2408 1128 2452 vs
1178 2389 1309 2453 237
1361 2406 1503 2471 sqq.
1554 2387 1656 2451 his
1705 2387 1917 2451 verbis
1966 2387 2407 2451 memoratur:

866 2551 934 2612 Ei
975 2552 1144 2626 mihi,
1188 2572 1263 2613 ne
1305 2553 1470 2612 furor
1508 2551 1603 2612 ille
1643 2558 1779 2612 tuos
1821 2550 2097 2611 invaserit
2138 2557 2303 2611 artus
2320 2596 2334 2624 ,

865 2660 990 2733 Ille,
1032 2658 1262 2719 Arabae
1303 2658 1572 2734 Myrrhae
1615 2657 1917 2734 quondam
1960 2655 2061 2733 qui
2104 2654 2258 2733 cepit
2299 2655 2516 2716 ocellos
2535 2702 2549 2729 ‚

866 2765 943 2825 Ut
983 2766 1202 2826 scelere
1241 2764 1483 2823 infando
1523 2762 1712 2839 (quod
1751 2781 1826 2822 ne
1867 2761 2021 2829 sinat
2061 2760 2377 2837 Adrastea)

861 2870 1119 2930 Laedere
1159 2876 1476 2945 utrumque
1517 2885 1636 2927 uno
1681 2867 1919 2927 studeas
1962 2885 2160 2927 errore
2201 2870 2538 2944 parentem!

759 3015 864 3080 Sic
920 3016 1118 3097 poeta
1165 3015 1513 3080 manifesta
1551 3033 1706 3079 cum
1750 3014 2182 3079 delectatione
2205 3034 2325 3097 per
2345 3016 2571 3098 viginti
2594 3036 2819 3082 versus

663 3133 1095 3220 (286—305)
1147 3134 1536 3198 immoratur
1584 3133 1988 3216 exponendis
2038 3132 2451 3199 Britomartis
2484 3134 2632 3200 fatis
2666 3136 2819 3200 obs-

666 3251 872 3328 curiS‚
933 3270 1221 3334 quorum
1268 3252 1334 3315 in
1385 3251 1804 3315 enarratione
1854 3251 2055 3316 etiam
2102 3249 2544 3318 Callimachus
2593 3254 2814 3337 hymn.

667 3370 735 3435 in
813 3369 1092 3435 Dianam
1166 3389 1259 3435 vs,
1341 3370 1470 3433 189
1544 3388 1686 3453 sqq.
1763 3370 1887 3435 sibi
1958 3370 2242 3454 placuit,
2321 3373 2387 3437 et
2433 3373 2615 3456 quod
2662 3391 2822 3437 sane

666 3488 1038 3553 notandum
1103 3490 1236 3568 est,
1304 3490 1580 3570 uterque
1642 3489 1922 3572 scriptor
1985 3491 2215 3555 narrat
2262 3489 2692 3555 Britomartin
2740 3490 2821 3555 de

667 3608 892 3673 monte
962 3608 1152 3675 Dicte
1225 3606 1560 3672 desiluisse
1630 3607 1700 3672 in
1771 3627 1969 3673 mare.
2030 3607 2086 3691 1)
2177 3608 2437 3673 Etenim
2505 3608 2821 3690 virginem

673 3726 852 3808 apud
920 3728 1221 3792 nostrum
1270 3747 1310 3792 a
1357 3725 1541 3791 Dicte
1587 3725 1815 3791 monte
1862 3726 1931 3790 in
1979 3745 2165 3792 mare
2212 3745 2283 3791 se
2330 3727 2819 3810 praecipitasse,

737 3910 785 3979 ¹)
830 3908 993 3981 Apud
1028 3908 1414 3965 Callimachum
1449 3907 1526 3964 1.1.
1565 3907 1824 3980 legimus:

1731 4002 1819 4059 καὶ
1856 4003 2082 4077 ἔνθορεν
2122 4003 2207 4066 εἰς·
2250 4007 2449 4079 ἁλιήων

881 4108 1102 4173 δίκτυα,
1144 4109 1211 4162 τά
1255 4104 1348 4177 σφ’
1393 4109 1666 4162 ἐσάωσαν·
1715 4108 1840 4163 ὅθεν
1882 4110 2174 4174 μετέπειτα
2216 4105 2484 4169 Κύδωνες

880 4206 1094 4279 νύμφην
1139 4207 1237 4273 μὲν
1275 4207 1576 4274 Δίκτυνναν,
1607 4209 1750 4281 ὅρος
1794 4206 1973 4264 δ’ὅθεν
2014 4210 2182 4281 ἥλατο
2228 4210 2413 4283 νύμφη

880 4310 1125 4365 Δικταῖον
1172 4311 1475 4367 καλέουσιν.
