3392 5292
1644 634 1682 697 5

811 844 965 904 Tum
1009 862 1183 905 coma
1223 843 1467 904 Sidonio
1513 844 1731 905 florens
1774 846 2058 905 deciditur
2102 854 2294 921 ostr0,

811 950 967 1010 Tum
1009 948 1236 1027 capitur
1277 948 1514 1026 Megara
1554 955 1612 1009 et
1653 949 1851 1009 divom
1890 968 2178 1028 responsa
2221 954 2575 1031 probantur,

808 1055 964 1116 Tum
1004 1072 1294 1132 suspensa
1332 1072 1486 1113 novo
1526 1052 1643 1113 ritu
1687 1053 1761 1113 de
1798 1053 2043 1114 navibus
2085 1054 2217 1114 altis

806 1161 920 1221 Per
960 1180 1125 1221 mare
1167 1159 1504 1219 caeruleum
1541 1158 1794 1219 trahitur
1834 1158 2035 1219 Niseia
2073 1158 2234 1236 virgo
2282 1159 2391 1235 (vs,
2435 1162 2598 1236 390).

658 1315 886 1380 Mediis
917 1315 984 1379 in
1017 1315 1326 1380 fluctibus
1350 1316 1588 1384 misera
1613 1316 1834 1399 puella
1857 1316 2148 1381 lamenta
2174 1317 2412 1381 acerba
2435 1318 2709 1400 profert.

563 1433 986 1515 Quamquam
1048 1452 1184 1497 non
1247 1433 1571 1499 infitiatur
1618 1452 1687 1497 se
1736 1432 1867 1498 tale
1915 1432 2309 1517 supplicium
2358 1436 2709 1513 meruisse,

566 1554 786 1617 tamen
835 1570 968 1616 non
1017 1549 1333 1633 intellegit
1381 1552 1666 1617 Minoem
1717 1551 1979 1617 tantum
2026 1552 2278 1617 malum
2326 1553 2450 1618 sibi
2483 1553 2715 1619 afferre

561 1689 766 1753 posse.
869 1668 1108 1735 Omnia
1187 1669 1364 1734 enim
1443 1670 1651 1735 amori
1732 1689 1852 1735 suo
1912 1671 2397 1753 postposuerat.
2494 1670 2710 1750 Nihil,

561 1788 810 1871 inquit,
881 1806 988 1853 me
1061 1788 1339 1852 retinere
1411 1788 1626 1871 potuit
1674 1807 1796 1852 nec
1846 1788 2022 1869 regia
2072 1789 2316 1854 deliciis
2365 1790 2544 1854 dives
2592 1810 2713 1855 nec

562 1906 940 1989 aequalium
989 1906 1233 1970 orbitas
1280 1924 1401 1970 nec
1447 1907 1663 1972 metus
1700 1906 1975 1970 deorum
2010 1903 2115 1991 (vs
2146 1906 2330 1991 436).
2374 1881 2537 1972 'Cur
2576 1928 2712 1973 non

559 2025 741 2090 licuit
803 2044 909 2090 me
956 1999 1238 2107 nuptiiS‚
1303 2024 1464 2107 quin
1513 2025 1714 2088 etiam
1760 2024 2059 2106 sepulcro
2107 2024 2431 2106 privatam
2478 2026 2712 2091 saltem
2787 2106 2793 2111 ¹

561 2142 958 2209 famularum
1029 2160 1301 2208 munere
1366 2141 1550 2223 fungi
1598 2142 1663 2207 et
1708 2142 1888 2207 fusos
1935 2161 2140 2225 penso
2190 2143 2491 2225 gravidos
2557 2145 2711 2210 tuae

560 2262 855 2347 conjugis
926 2262 1264 2326 devolvere
1336 2258 1436 2346 (vs
1505 2258 1694 2347 447).
1795 2260 1926 2325 Sed
1976 2261 2245 2326 tandem
2292 2261 2530 2327 fessam
2580 2260 2709 2327 vir-

561 2381 778 2463 ginem
826 2380 993 2444 vires
1041 2378 1354 2444 deficiunt
1404 2372 1676 2462 ejusque
1723 2377 2035 2459 languida
2072 2380 2483 2461 querimonia
2514 2382 2712 2465 longo

559 2499 629 2563 in
676 2516 874 2562 cursu
921 2476 1203 2562 moritur
1252 2493 1358 2581 (vs
1405 2488 1596 2581 462).

653 2617 828 2681 Tum
891 2616 1324 2697 navigationis
1390 2614 1723 2679 enarratio
1778 2614 2104 2697 sequitur,
2156 2616 2399 2698 quibus
2447 2618 2515 2682 in
2562 2637 2708 2683 ver-

560 2734 740 2799 sibus
810 2733 1064 2798 insulae
1136 2733 1592 2798 memorantur
1654 2751 1821 2815 quas
1895 2732 2141 2815 Scylla,
2210 2754 2377 2800 nave
2440 2753 2709 2801 cursum

561 2835 857 2933 tenente,
930 2872 1052 2918 nec
1122 2852 1528 2935 praetervehi
1590 2870 1713 2916 nec
1761 2852 2056 2934 spectare
2103 2852 2340 2934 potuit.
2442 2854 2591 2933 Quo
2638 2855 2707 2919 in

559 2972 789 3036 itinere
839 2973 1017 3053 virgo
1064 2950 1325 3036 incertis
1359 2971 1569 3035 ventis
1593 2971 1887 3054 ¹iactatur
1918 2970 2095 3035 velut
2126 2969 2361 3053 cymba
2379 2969 2669 3054 parvula
2689 3023 2705 3053 ‚

557 3110 711 3156 cum
755 3091 1052 3173 sequitur
1099 3109 1373 3173 magnas
1406 3091 1644 3154 classes
1669 3073 1910 3155 etcum
1944 3090 2138 3155 turbo
2162 3089 2320 3154 Afer
2342 3090 2706 3157 bacchatur

557 3211 626 3274 in
703 3229 987 3293 aequore
1057 3209 1333 3274 hiberno
1401 3207 1502 3295 (vs
1565 3205 1771 3295 480),
1837 3209 2046 3273 donec
2108 3208 2504 3291 Amphitrite
2569 3229 2706 3275 non

559 3328 706 3393 tulit
755 3329 894 3393 tam
964 3327 1320 3394 formosam
1391 3327 1681 3412 puellam
1755 3327 1931 3393 ultra
1994 3329 2217 3393 vexari
2289 3347 2567 3411 eamque
2636 3328 2705 3392 in

556 3468 746 3514 avem
820 3448 997 3514 Cirin
1067 3447 1365 3512 mutavit.
1462 3446 1658 3527 Virgo
1724 3445 1946 3510 infelix
1993 3446 2086 3511 ita
2134 3466 2173 3511 a
2221 3447 2433 3512 morte
2480 3448 2705 3530 erepta

555 3567 707 3631 solis
779 3567 848 3631 in
922 3566 1197 3649 rupibus
1265 3564 1696 3647 litoribusque
1768 3564 2040 3629 desertis
2109 3564 2311 3629 vitam
2383 3564 2702 3630 incultam

555 3686 785 3767 exigit,
858 3685 975 3750 sed
1043 3703 1129 3748 ne
1199 3683 1369 3747 hanc
1440 3681 1708 3765 quidem
1782 3682 2071 3764 impune.
2170 3682 2424 3765 Jupiter
2487 3683 2700 3761 enim,

554 3802 760 3866 iratus
828 3800 1032 3865 filiam
1103 3801 1493 3883 degenerem
1563 3799 2035 3865 circumvolare
2080 3801 2470 3884 patremque
2518 3802 2703 3883 pium

553 3920 686 3984 vita
735 3920 1077 3998 orbatum,
1128 3919 1307 3984 hunc
1354 3919 1440 3983 ab
1487 3917 1711 3983 inferis
1758 3918 2062 3984 excitavit
2108 3919 2174 3983 et
2221 3919 2289 3983 in
2322 3919 2545 3984 alitem
2580 3920 2699 3984 ha-

551 4024 821 4103 liaetum
868 4038 1219 4114 convertit,
1275 4038 1464 4121 cujus
1512 4036 1610 4101 est
1661 4035 2077 4119 implacabile
2130 4037 2201 4101 ln
2237 4036 2414 4102 Cirin
2451 4038 2695 4103 odium.

645 4156 948 4239 Namque
1016 4156 1109 4241 (et
1179 4156 1304 4221 hac
1370 4155 1709 4238 praeclara
1774 4156 2265 4238 comparatione
2312 4158 2508 4239 poeta
2556 4175 2700 4221 car-

551 4274 744 4339 minis
790 4274 990 4339 finem
1038 4271 1218 4359 facit)
