3392 5292
1529 577 1539 587 '
1665 591 1787 657 30'

631 810 1028 875 vocabulum
1099 808 1269 873 ultro
1338 808 1692 890 sumpsisse
1768 825 1848 871 ex
1896 807 2062 871 Aen.
2110 806 2206 886 II,
2267 806 2433 870 145:

832 967 940 1029 His
977 966 1234 1028 lacrimis
1273 966 1454 1026 vitam
1496 966 1706 1026 damus
1748 971 1805 1025 et
1842 962 2279 1025 miserescimus
2322 964 2499 1023 ultro.

729 1116 900 1181 Nam
947 1118 1001 1181 si
1048 1116 1208 1199 quid
1256 1116 1478 1194 vide0‚
1528 1114 1697 1184 ultro
1730 1115 1909 1197 apud
1943 1114 2297 1195 Vergilium
2330 1114 2560 1178 eodem
2592 1131 2788 1176 sensu
2820 1117 2825 1120 '

638 1237 926 1323 positum
975 1236 1072 1300 est
1119 1253 1252 1317 quo
1300 1234 1478 1316 apud
1528 1232 1909 1298 Ciceronem
1957 1234 2025 1297 in
2074 1233 2372 1298 oratione
2402 1251 2522 1315 pro
2554 1229 2788 1296 Flacco

638 1374 694 1419 c.
766 1354 888 1418 19:
965 1352 1132 1418 »Pro
1180 1371 1314 1434 quo
1363 1370 1513 1415 cum
1562 1370 1602 1414 a
1649 1350 1727 1417 P.
1777 1351 2042 1417 Varinio
2090 1358 2391 1433 praetore
2439 1350 2789 1433 pecuniam

638 1471 1028 1555 accepisset,
1058 1470 1288 1535 celavit
1311 1489 1465 1534 suos
1491 1470 1675 1546 οἰνος,
1709 1469 2013 1552 ultroque
2036 1470 2111 1533 iis
2136 1471 2474 1552 sumptum
2499 1466 2788 1533 intulit.’'

639 1591 744 1655 Sic
793 1589 880 1655 ad
928 1588 1093 1654 Ciris
1142 1607 1214 1652 vs
1260 1587 1387 1652 40:

841 1729 1010 1790 Hanc
1050 1728 1260 1788 urbem
1300 1734 1436 1789 ante
1477 1727 1622 1788 alios
1666 1728 1768 1806 qui
1806 1735 1935 1788 tum
1974 1727 2220 1788 florebat
2261 1728 2321 1787 in
2364 1727 2543 1788 armis

842 1835 1086 1894 Fecerat
1125 1831 1399 1893 infestam
1441 1839 1550 1894 etc.

643 1963 976 2029 Baehrens
1025 1965 1418 2054 affert-Aen.
1477 1966 1618 2044 VII,
1674 1966 1806 2029 55:

1166 2103 1309 2181 petit
1350 2110 1486 2164 ante
1527 2103 1672 2165 alios
1716 2104 2145 2182 pulcherrimus
2188 2104 2378 2165 omnis

847 2202 1104 2263 Turnus,
2144 2216 2147 2219 ’

644 2333 973 2400 Potuisset
1019 2334 1262 2399 addere
1309 2336 1469 2399 Aen.
1523 2335 1590 2414 Ι,
1646 2335 1816 2399 347:

845 2474 1190 2552 Pygmalion
1206 2520 1220 2548 ,
1265 2475 1485 2535 scelere
1526 2480 1661 2535 ante
1704 2473 1849 2535 alios
1891 2473 2205 2535 immanior
2246 2492 2471 2534 omnes.

742 2605 873 2670 Sed
945 2610 1092 2671 ame
1140 2607 1438 2671 adhiberi
1484 2608 1552 2671 in
1601 2604 2206 2688 comparationibus
2247 2607 2387 2691 jam
2437 2606 2799 2692 reperimus

652 2724 834 2808 apud
906 2724 1188 2790 Balbum
1261 2726 1327 2789 in
1394 2724 1724 2790 Ciceronis
1772 2726 1857 2789 ad
1905 2725 2024 2790 Att
2072 2728 2149 2805 8,
2210 2726 2328 2790 15:
2392 2726 2597 2790 „Nam
2644 2744 2799 2791 cave

649 2842 841 2925 putes
913 2843 1038 2908 hoc
1112 2844 1407 2927 tempore
1456 2844 1604 2927 plus
1651 2862 1759 2908 me
1808 2862 2208 2927 quemquam
2258 2844 2575 2923 cruciari,
2621 2844 2801 2927 quod

649 2979 836 3039 eum,
912 2980 1111 3043 quem
1159 2968 1307 3028 ante
1351 2982 1449 3027 me
1496 2962 1694 3044 diligo
1719 3010 1734 3041 ‚
1787 2962 1977 3028 video
2026 2962 2093 3026 in
2142 2962 2489 3026 consulatu
2539 2961 2801 3045 quidvis

649 3080 868 3161 potius
915 3095 1305 3163 essequam
1353 3077 1758 3145 consulem.''
1859 3079 2099 3145 Confer
2148 3081 2414 3163 insuper
2462 3080 2625 3146 Livii
2658 3079 2801 3145 Lib.

658 3199 744 3263 35
793 3216 932 3280 cap.
994 3196 1114 3261 14:
1178 3199 1320 3263 „Tu
1368 3218 1474 3263 me
1522 3218 1717 3275 vem,
1764 3198 2013 3280 inquit,
2064 3199 2130 3264 et
2169 3201 2325 3265 ante
2356 3199 2809 3264 Alexandrum

657 3316 721 3380 et
792 3316 948 3380 ante
995 3314 1325 3397 Pyrrhum
1373 3317 1437 3381 et
1486 3321 1636 3381 ante
1683 3336 1895 3382 onmes
1945 3316 2107 3382 alios
2153 3318 2583 3400 imperatores
2632 3315 2811 3382 esse''

656 3433 723 3500 et
769 3432 1038 3515 Nepotis
1077 3435 1190 3499 vit.
1225 3434 1402 3499 Attic
1437 3453 1580 3517 cap.
1623 3436 1702 3499 3:
1750 3434 1972 3499 »Unus
2005 3440 2152 3501 ante
2183 3434 2343 3501 alios
2376 3436 2808 3502 carissimUS.''

751 3552 1094 3617 Postremo
1145 3550 1311 3616 Ciris
1358 3571 1432 3616 vs
1485 3552 1654 3628 194:
2801 3534 2803 3536 ’

859 3690 952 3751 Tu
995 3710 1232 3769 quoque
1271 3691 1393 3753 avis
1433 3698 1729 3753 metuere:
1773 3692 1941 3753 dabit
1981 3692 2086 3754 tibi
2128 3693 2246 3754 filia
2279 3714 2509 3772 poenae

660 3824 1082 3905 comparatur
1129 3843 1282 3889 cum
1329 3823 1587 3905 Ve1gilii
1635 3822 1867 3907 Georg.
1917 3824 1946 3890 I
1996 3844 2067 3888 vs
2111 3824 2286 3891 405:

863 3961 937 4023 Et
976 3981 1085 4039 pro
1126 3981 1423 4041 purpureo
1454 3920 1684 4041 poenas
1725 3966 1831 4025 dat
1873 3962 2066 4041 Scylla
2107 3964 2316 4043 capillo

663 4094 768 4157 cui
816 4094 969 4159 addi
1018 4095 1337 4177 potuisset
1383 4097 1548 4161 Aen.
1599 4098 1727 4163 IV:
1760 4098 1933 4163 386:

1305 4235 1486 4296 Dabis
1503 4282 1516 4309 ,
1560 4236 1827 4314 improbe
1843 4283 1857 4309 ‚
1902 4255 2139 4315 poenas.
