3392 5292
1757 598 1842 661 66

726 804 823 863 Vs.
843 806 958 865 367
1003 807 1345 867 auctoribus
1385 810 1537 867 extis
1707 808 1986 868 collatum
2029 828 2164 869 cum
2209 810 2356 870 Aen.
2419 810 2474 871 X
2518 832 2532 871 z
2583 812 2657 870 67
2716 810 2874 885 fatis

2218 915 2580 976 auctoribus.

768 1058 792 1087 „
842 1016 958 1076 518
998 1018 1142 1076 solis
1183 1019 1250 1075 in
1290 1016 1544 1094 rupibus
1889 1063 1913 1091 ,,
2109 1063 2134 1092 ‚,
2209 1018 2356 1079 Aen.
2420 1019 2512 1080 X:
2552 1019 2668 1079 569
2731 1021 2874 1080 solis

1000 1123 1188 1199 exeqit
1228 1140 1437 1181 aevum
2066 1180 2070 1184 ,
2213 1125 2403 1202 exeyit
2443 1123 2740 1184 montibus
2782 1142 2872 1182 ae-

2213 1246 2370 1287 vum.

812 1371 1095 1438 Carmen
1157 1374 1461 1453 nostrum
1522 1396 1719 1459 porro
1782 1378 1975 1460 longe
2032 1378 2207 1443 ultra
2259 1378 2538 1461 Augusti
2585 1381 2871 1446 aetatem

717 1491 937 1555 ortum
1000 1511 1139 1557 esse
1201 1512 1337 1558 non
1394 1513 1616 1577 posse,
1674 1516 1752 1562 eo
1802 1495 2110 1576 efficitur,
2164 1498 2346 1580 quod
2394 1518 2622 1563 versus
2668 1519 2867 1582 spon·
2967 1550 2973 1553 -

716 1607 917 1687 diaci‚
991 1630 1159 1693 quos
1230 1615 1486 1696 noster,
1564 1616 1639 1681 ut
1703 1635 1905 1699 supra
1976 1636 2126 1700 pag.
2176 1617 2266 1682 43
2316 1617 2636 1698 vidimuS‚
2686 1619 2868 1684 haud

717 1745 864 1791 raro
920 1728 1235 1811 admittit,
1286 1734 1501 1799 aetate
1538 1734 1748 1799 Persii
1796 1734 2103 1823 (34—62
2156 1756 2220 1819 p.
2273 1734 2422 1805 Chr.
2478 1734 2576 1823 n.)
2625 1738 2693 1801 in
2744 1756 2866 1801 usu

716 1863 856 1910 esse
915 1842 1289 1917 desierant.
1408 1852 1716 1919 Lucanus
1794 1854 2096 1937 quidem,
2177 1855 2254 1920 ut
2323 1854 2393 1921 G.
2473 1854 2693 1919 Christ
2762 1874 2868 1919 me

713 1965 935 2038 docuit
960 1964 1037 2053 ¹),
1112 1970 1345 2053 quinto
1415 1973 1780 2038 hexametri
1843 1973 1988 2038 loco
2048 1975 2418 2057 spondeum
2485 1973 2687 2038 habet
2752 1973 2865 2038 sed

714 2101 897 2163 raro,
949 2085 1211 2153 Persius
1258 2108 1588 2173 nusquam
1638 2092 1764 2156 nisi
1813 2092 1880 2157 in
1911 2162 1916 2165 ,
1929 2092 2142 2174 prima
2193 2092 2419 2157 satura
2451 2111 2543 2158 vs.
2584 2092 2672 2156 95
2695 2142 2709 2167 ‚
2751 2091 2866 2155 ubi

711 2204 907 2283 poeta
954 2223 1090 2270 non
1138 2207 1467 2274 tumorem
1514 2210 1731 2274 solum
1764 2210 2065 2276 dictionis
2097 2210 2212 2275 sed
2247 2210 2444 2275 etiam
2477 2209 2867 2291 spondiacos

710 2324 1055 2403 poetarum
1103 2326 1449 2394 doctorum
1494 2329 1804 2393 irrisurus
1853 2348 2039 2407 eum,
2094 2330 2210 2412 qui
2257 2329 2396 2394 tota
2445 2328 2671 2393 satura
2719 2327 2864 2391 vul-

710 2440 967 2519 garium
1036 2446 1383 2525 poetarum
1454 2463 1725 2510 causam
1795 2445 1964 2527 agit,
2032 2445 2207 2510 hunc
2255 2463 2520 2511 versum
2569 2440 2862 2526 proferre

710 2560 995 2625 curavit:

909 2716 1007 2779 Sic
1052 2726 1315 2793 „costam
1353 2720 1528 2797 longo
1567 2719 1957 2779 subduximus
1999 2716 2369 2799 Apennino'f.

801 2872 1097 2941 Alterum
1145 2877 1343 2961 hujus
1391 2877 1752 2942 sententiae
1799 2877 2265 2958 argumentum
2312 2878 2590 2943 imitatio
2633 2877 2860 2944 Catul-

706 2991 882 3059 liana
946 2995 1239 3078 praebet.
1336 2996 1540 3061 Recte
1604 2996 1780 3061 enim
1843 2996 1915 3061 L.
1981 2995 2255 3061 Mueller
2317 2995 2398 3060 de
2464 3015 2534 3061 re
2589 2998 2861 3062 metrica

706 3131 857 3198 pag.
923 3114 1014 3178 42
1080 3114 1353 3192 monuit,
1413 3115 1643 3197 poetas
1690 3114 1992 3179 certatim
2039 3114 2221 3179 omni
2270 3114 2564 3197 tempore
2615 3112 2860 3180 Catulli

706 3230 1285 3315 hendecasyllabos
1346 3235 1411 3299 et
1472 3234 1730 3298 iambos
1791 3233 2150 3298 admiratos
2205 3232 2631 3315 imitatosque
2679 3251 2818 3297 esse
2838 3284 2854 3314 ,

703 3352 819 3415 sed
880 3353 1212 3419 neminem
1269 3352 1427 3449 'post
1487 3352 1769 3435 Augusti
1826 3353 2112 3418 aetatem
2168 3351 2400 3429 fuisse,
2452 3352 2568 3435 qui
2617 3351 2860 3417 Catulli

566 3481 569 3483 ’
704 3469 940 3552 elegias
1004 3472 1069 3535 et
1131 3471 1415 3553 epyllion
1465 3472 1547 3535 de
1610 3471 1808 3536 Peleo
1858 3472 1924 3536 et
1971 3470 2250 3535 Thetide
2299 3470 2589 3535 sectatus
2639 3469 2854 3536 fuerit.

702 3588 889 3668 Quae
936 3608 1089 3655 cum
1136 3589 1230 3655 ita
1276 3589 1444 3667 sint,
1496 3590 1679 3673 patet
1727 3589 1980 3672 opinor,
2033 3587 2213 3654 Cirin
2267 3607 2483 3671 neque
2533 3588 2687 3653 ante
2734 3608 2855 3653 an-

700 3727 864 3773 num
942 3710 1076 3774 735
1150 3727 1215 3773 u,
1290 3726 1342 3773 c.
1418 3726 1633 3791 neque
1704 3707 1900 3788 longe
1969 3707 2143 3773 ultra
2213 3706 2497 3787 Augusti
2573 3707 2857 3771 aetatem

699 3826 893 3889 scribi
956 3826 1267 3908 potuisse.
1364 3825 1675 3892 Ceterum
1738 3826 1794 3889 si
1842 3825 2221 3909 conjectura
2271 3825 2368 3889 uti
2414 3823 2605 3901 licet,
2656 3825 2852 3905 nihil,

699 3942 878 4025 quod
936 3944 1229 4021 videam,
1282 3943 1528 4020 obstat,
1583 3944 1938 4027 quominus
1986 3944 2120 4007 sive
2169 3961 2321 4008 cum
2370 3942 2691 4007 Teuffelio
2742 3940 2852 4029 (cf.

698 4059 909 4143 Pauly
957 4061 1141 4125 Real.
1197 4060 1377 4127 Encl.
1429 4062 1544 4141 VI,
1601 4063 1682 4140 2,
1733 4082 1794 4145 p.
1851 4062 2057 4145 2657)
2108 4040 2283 4127 intra
2331 4079 2544 4126 annos
2583 4060 2856 4132 19—714

774 4270 808 4337 Ι)
848 4264 929 4321 Of.
971 4265 1169 4321 Metrik
1209 4264 1603 4321 der'Griechen
1643 4266 1752 4320 und
1790 4265 1990 4321 Romcr
2027 4284 2077 4338 p.
2117 4265 2219 4324 177
2228 4312 2237 4321 .
