3392 5292
1632 618 1720 681 53

596 832 756 916 (non
806 853 845 896 a
894 832 1326 915 Dictynnaeo,
1380 834 1454 898 ut
1501 832 1732 915 Heyne
1778 834 1848 898 in
1899 832 2266 899 Comment.
2318 834 2404 899 ad
2448 835 2615 901 Ciris
2656 856 2746 901 vs.

597 950 764 1027 219,
841 951 976 1015 285
1040 951 1266 1033 putat,
1343 951 1397 1015 si
1444 950 1714 1034 quidem
1762 950 1867 1016 hic
1916 952 2210 1018 diversus
2259 953 2345 1018 ab
2396 973 2472 1019 eo
2522 956 2749 1020 monte

598 1065 728 1155 est)
805 1067 1144 1151 probabile
1217 1068 1374 1134 mihi
1448 1070 1728 1149 videtur,
1804 1070 2175 1153 respicienti
2245 1069 2410 1135 Ciris
2469 1091 2559 1135 vs.
2614 1074 2747 1138 300

606 1188 950 1255 »Dictaeas
1015 1207 1240 1270 ageres
1309 1188 1394 1253 ad
1460 1188 1761 1270 gramina
1826 1189 1986 1254 nota
2057 1187 2396 1271 capellas‘'.
2475 1189 2750 1274 ·Nempe

593 1305 936 1371 verisimile
984 1325 1121 1371 non
1156 1306 1254 1371 est
1289 1307 1556 1389 poetam
1590 1306 1671 1370 de
1704 1305 2083 1372 Britomarti
2115 1305 2495 1390 loquentem
2529 1308 2747 1393 adjec-

595 1425 726 1491 tivo
774 1424 1082 1492 Dictaeas
1129 1444 1249 1508 pro
1304 1422 1633 1491 Cretenses
1682 1443 1879 1489 usum
1928 1445 2089 1491 esse.

687 1542 829 1609 Hoc
875 1545 1020 1610 loco
1067 1544 1365 1628 quaestio
1413 1544 1650 1621 oritur,
1702 1562 1868 1608 num
1916 1542 2081 1609 forte
2123 1544 2392 1611 Catonis
2424 1546 2749 1629 Dictynna

593 1683 856 1748 quoque
940 1664 1104 1730 haec
1192 1662 1604 1729 Britomartis
1683 1662 1819 1728 fata
1900 1664 2315 1729 continuerit.
2439 1664 2747 1743 Quonam

592 1783 817 1848 autem
864 1783 1254 1864 argumento
1302 1781 1429 1847 hoc
1477 1800 1717 1863 poema
1764 1778 1989 1857 fuerit,
2033 1783 2388 1847 memoriae
2422 1802 2556 1847 non
2593 1801 2746 1865 pro-

595 1900 805 1965 ditum
871 1902 997 1966 est.
1093 1900 1314 1966 Naeke
1388 1897 1638 1986 (Carm.
1691 1899 1832 1964 Val.
1886 1897 2155 1964 Catonis
2201 1920 2267 1982 p.
2319 1899 2483 1984 272)
2531 1901 2746 1983 suspi-

595 2020 782 2084 catur
840 2017 1196 2084 „Catonem
1247 2037 1325 2083 eo
1362 2017 1652 2082 carmine
1687 2018 1830 2082 tum
1864 2017 1995 2083 alia
2027 2019 2365 2084 recondita
2393 2020 2474 2083 de
2509 2019 2745 2096 Diana,

596 2137 738 2202 tum
809 2135 935 2200 hoc
1007 2137 1428 2219 persecutum
1490 2154 1631 2200 esse
1697 2135 2185 2201 accuratissime
2209 2184 2228 2213 ,
2276 2138 2556 2202 eandem
2605 2157 2746 2202 esse

591 2254 873 2320 Dianam
923 2255 988 2319 et
1034 2251 1493 2336 Dictynnam.'’
1564 2253 1745 2318 Haec
1787 2254 2013 2319 autem
2055 2255 2380 2320 sententia
2419 2256 2744 2340 quodam-

591 2374 787 2438 modo
859 2373 1128 2457 quidem
1187 2372 1517 2438 stabilitur
1565 2372 1940 2437 testimonio
1990 2373 2288 2438 Suetonii
2334 2374 2417 2437 de
2464 2393 2742 2463 gramm.

591 2511 654 2574 p.
735 2492 863 2556 109
914 2492 977 2556 R
1028 2491 1313 2557 „Dianae
1369 2489 1582 2555 Cinna
1632 2490 1743 2574 (sc.
1800 2492 2163 2579 meminit):
2221 2492 2542 2559 „Saecula
2591 2512 2744 2576 per-

588 2611 853 2676 maneat
923 2611 1131 2676 nostri
1203 2609 1434 2677 Diana
1497 2608 1825 2690 Catonis”,
1890 2611 2006 2675 sed
2055 2610 2165 2689 ibi,
2217 2612 2291 2676 ut
2336 2610 2560 2676 Naeke
2607 2612 2746 2694 ipse

588 2731 763 2795 recte
810 2730 1087 2807 monuit,
1139 2727 1574 2795 Casaubonus
1599 2729 1957 2794 rectissime
1980 2729 2314 2813 Dictynna
2335 2730 2528 2795 scribi
2546 2730 2745 2814 Jussit

588 2867 668 2913 ex
713 2848 880 2914 libro
926 2847 1268 2913 Patavino.
1366 2846 1749 2931 Numquam
1798 2848 1973 2912 enim
2003 2847 2308 2912 librarius
2343 2848 2741 2931 exquisitum

588 2966 928 3052 Dictynna
974 2986 1096 3049 pro
1143 2966 1395 3048 vulgari
1442 2966 1671 3033 Diana
1718 2967 2125 3049 repositurus
2172 2965 2459 3032 fuisset.'’
2553 2965 2741 3046 Quae

589 3103 740 3149 cum
796 3086 887 3150 ita
936 3086 1066 3151 sint
1115 3085 1180 3150 et
1227 3087 1566 3168 praeterea
1615 3085 2031 3151 Britomartis
2080 3084 2321 3162 fabula,
2376 3086 2449 3151 ut
2498 3086 2738 3151 videri-

657 3362 851 3419 Strabo
887 3362 984 3430 (Xz
1009 3365 1072 3427 4,
1112 3362 1199 3429 12)
1237 3362 1381 3418 hunc
1413 3363 1590 3419 locum
1627 3363 1921 3437 respiciens
1956 3362 2111 3420 dicit:

663 3459 769 3514 Οὐκ
809 3458 875 3514 εὖ
920 3460 982 3513 δὲ
1023 3458 1159 3515 οὐδὲ
1198 3462 1294 3515 τὸν
1335 3458 1685 3535 Καλλίμαχον
1731 3460 1904 3533 λέγειν
1948 3460 2134 3533 φασίν,
2174 3464 2257 3522 ὡς
2285 3465 2319 3534 ἡ
2345 3462 2741 3534 Βριτόμαρτις,

587 3562 880 3635 φεύγουσα
919 3565 1015 3635 τὴν
1060 3562 1211 3617 Μίνω
1253 3561 1394 3632 βίαν,
1440 3564 1548 3616 ἀπὸ
1590 3567 1693 3634 τῆς
1719 3561 1915 3634 Δίκτης
1953 3562 2140 3617 ἅλοιτο
2182 3561 2267 3624 εἰς
2308 3565 2501 3618 ἁλιέων
2530 3564 2740 3629 δίκτυα,

584 3661 669 3718 καὶ
722 3665 814 3718 διὰ
857 3668 1025 3719 τοῦτο
1067 3664 1207 3737 αὐτὴ
1251 3664 1350 3731 μὲν
1382 3664 1640 3719 Δίκτυννα
1671 3662 1780 3718 ὑπὸ
1809 3670 1921 3718 τῶν
1950 3642 2321 3720 Κυδωνιατῶν
2354 3686 2744 3740 προσαγορευ·

588 3766 737 3837 θείη,
780 3766 938 3839 Δίκτη
983 3765 1047 3820 δὲ
1089 3769 1155 3821 τὸ
1199 3765 1355 3839 ὅρος·
1402 3765 1540 3821 οὐδὲ
1566 3767 1678 3839 γὰρ
1711 3765 1858 3827 ὅλως
1886 3767 1946 3819 ἐκ
1972 3769 2228 3839 γειτόνων
2258 3764 2378 3822 ἐστὶ
2402 3774 2527 3830 τοῖς
2557 3772 2743 3831 τόποις

583 3867 804 3928 τούτοις
843 3872 877 3941 ἡ
921 3864 1211 3934 Κυδωνία,
1254 3870 1407 3939 πρὸς
1434 3867 1498 3921 δὲ
1527 3870 1652 3929 τοῖς·
1681 3867 1967 3939 ἑσπερίοις
1992 3869 2167 3923 κεῖται
2193 3875 2294 3941 τῆς·
2320 3872 2489 3942 νήσου
2519 3872 2740 3943 πέρασι.

595 3968 704 4042 Τῆς
753 3968 939 4038 μέντοι
989 3966 1284 4032 Κυδωνίας·
1337 3969 1479 4043 ὅρος
1532 3966 1652 4025 ἐστὶ
1716 3969 1985 4041 Τίτυρος,
2041 3970 2098 4024 ἐν
2156 3962 2202 4045 ᾦ
2254 3972 2409 4043 ἱερόν
2464 3973 2630 4039 ἐστιν,
2671 3972 2738 4028 οὐ

585 4071 854 4137 Δικταῖον,
901 4072 1037 4127 ἀλλὰ
1077 4071 1428 4129 Δικτύνναιον.
1504 4069 1610 4125 Sed
1669 4069 1752 4125 illi
1806 4069 2121 4125 Callimachi
2172 4070 2580 4143 reprehensores
2631 4090 2740 4128 non

583 4170 835 4227 viderunt
871 4171 1159 4227 Cretenses
1194 4172 1252 4228 in
1289 4174 1598 4228 universum
1634 4172 1779 4246 apud
1812 4170 2199 4233 Callimachum
2234 4178 2446 4251 saepius
2469 4178 2525 4235 Κ
2524 4179 2742 4243 ύδωνας

583 4273 777 4329 vocari.
853 4274 937 4330 cf.
978 4274 1178 4347 Hymn.
1214 4274 1270 4330 in
1305 4275 1426 4330 Jov.
1461 4276 1563 4342 45,
1603 4276 1784 4348 hymn.
1817 4278 1877 4332 111
1910 4277 2136 4333 Dianam
2174 4280 2260 4333 81.
